4748 6022
47 296 120 371 rsr
500 323 503 336 v
639 285 1077 368 uersronanuu
1127 287 1232 365 nra.
1264 288 1312 368 x.
1366 287 1498 367 rats.
2022 293 2095 366 aaa
2148 270 2158 281 “

46 466 229 560 Baptista,
253 466 461 538 monstravit
476 489 606 558 agnum
618 462 706 552 Dei,
731 465 794 558 qui
810 464 892 536 tulit
905 471 1043 554 peccata
1099 484 1163 532 nes
1177 464 1221 532 de
1237 462 1492 551 Indulgentiis,
1518 487 1607 556 quac
1637 463 1673 532 in
1691 461 1806 554 primo
1824 461 1940 534 Tamo
1960 488 2090 534 monu-

47 586 191 653 nostra‚
215 569 369 638 ostendit
395 569 502 658 gratis
528 583 672 661 propter
695 568 807 637 filium
824 563 891 634 Dei
912 564 1045 634 remitti
1099 578 1300 635 mentorum
1320 565 1430 655 ipsius
1454 578 1592 655 extant,
1618 563 1665 634 Et
1685 559 1750 634 has
1773 566 1912 658 publice
1926 563 2090 660 Templo,

47 685 213 768 peccata,
246 682 282 739 et
305 663 458 762 ‘quidem
481 685 643 761 oportere
667 668 702 737 id
735 666 945 738 heneficium
976 665 1045 732 fide
1099 668 1193 758 quod
1212 665 1784 756 arciWitebergensicontiguum
1800 666 1995 750 est,allixit
2012 667 2089 759 pri·
2191 748 2196 754 ¹

47 773 175 864 accipi.
218 767 414 841 lllustravit
432 784 465 839 et
479 786 630 840 caeteras
647 784 763 862 partes
778 769 960 840 doctrinae
972 762 1045 834 Ec·
1097 768 1155 836 die
1184 768 1262 837 festi
1291 769 1451 838 omnium
1481 767 1693 854 Sanctorum
1721 791 1817 837 anno
1850 764 1960 841 1517.
2017 767 2106 838 llic>

47 873 276 947 clesiasticae,
334 869 430 940 Haec
453 873 485 940 ei
509 873 650 942 exordia
681 895 801 942 rerum
829 869 1043 961 optimarum
1097 867 1262 939 Tecelius
1276 863 1370 939 nihil
1387 869 1443 938 sui
1459 869 1716 953 dissimilis,ac
1730 891 1873 961 sperans
1889 868 1992 938 etiam
2007 890 2087 958 gra-

44 998 213 1066 magnam
238 974 461 1043 autoritatem
487 974 814 1053 circumdederunt,
839 969 1043 1063 praesertim
1095 969 1179 1040 tiam
1205 994 1241 1039 se
1257 973 1351 1061 apud
1366 969 1570 1042 Romanum
1585 968 1791 1041 Pontificem
1815 969 1988 1040 initurum
2003 993 2087 1054 esse,

46 1101 132 1151 eum
148 1086 263 1144 mores
281 1068 1043 1163 congruerentcunrorationedocentis,vi·
1096 1093 1199 1140 suum
1231 1085 1391 1141 senatum
1426 1084 1613 1157 convocat,
1654 1065 1852 1142 Monachus
1885 1069 2021 1163 aliquot
2051 1083 2086 1140 et

45 1181 265 1268 dereturque
288 1175 400 1247 oratio
422 1199 496 1259 non
519 1175 558 1245 in
571 1176 681 1247 labris
696 1176 812 1259 nasci,
837 1174 898 1243 sed
922 1172 960 1240 in
981 1193 1044 1262 pe·
1097 1167 1298 1263 Theologos
1322 1168 1511 1264 sophistica
1538 1197 1599 1244 sua
1621 1169 1854 1268 utcunque¹³)
1875 1171 2000 1240 leviter
2012 1173 2086 1241 tin-

48 1296 161 1355 ctore.
213 1276 310 1346 Haec
331 1277 423 1346 vitae
444 1277 635 1348 admiratio
659 1300 803 1369 magnas
818 1271 1045 1344 efficitincli-
1097 1288 1187 1358 ctos,
1208 1269 1272 1343 hos
1286 1298 1496 1365 componere
1509 1274 1644 1370 aliquid
1660 1275 1756 1346 iubet
1769 1279 1937 1345 adversus
1950 1268 2087 1344 Luthe-

47 1381 215 1452 nationes
236 1379 274 1447 in
297 1378 425 1448 animis
446 1379 669 1461 auditorum,
709 1392 752 1449 ut
775 1376 916 1445 Veteres
938 1374 1043 1443 etiam
1097 1399 1189 1447 rum.
1247 1374 1325 1467 lpse
1355 1376 1488 1446 interea
1513 1401 1559 1446 ne
1582 1389 1671 1446 esset
1699 1372 1842 1470 κωφῶν
1873 1367 2086 1466 πρόσωπον,

49 1484 236 1560 dixerunt,
269 1474 422 1571 σχεδὸν,
464 1473 515 1559 ὡς
543 1479 682 1565 elusis,
709 1469 944 1575 κυριωτᾶτην
973 1473 1044 1566 ἔχει
1097 1500 1170 1545 non
1186 1476 1256 1544 iam
1272 1477 1478 1562 conciones,
1503 1480 1562 1548 sed
1578 1478 1728 1548 fulmina
1747 1481 1785 1546 in
1799 1469 1997 1548 Lutherum
2011 1489 2087 1546 tor-

49 1578 177 1656 πίστιν
194 1573 357 1674 τὸῆθος.
392 1573 530 1669 'Quare
547 1594 666 1673 postea
689 1605 768 1650 cum
791 1580 962 1673 quosdam
986 1599 1044 1644 re·
1097 1591 1199 1671 quet,
1231 1579 1446 1648 vociferatur
1471 1579 1605 1673 ubique
1638 1573 1734 1651 hnnc
1768 1574 1981 1650 haereticum
2011 1577 2086 1668 igni

50 1697 174 1778 septos
194 1683 282 1752 ritus
301 1694 473 1767 mutaret,
499 1678 639 1753 honesti
662 1681 752 1762 viri,
785 1681 952 1774 quicum
977 1701 1045 1745 no·
1097 1680 1316 1768 perdendum
1339 1702 1429 1762 esse,
1462 1681 1720 1771 propositiones
1751 1682 1855 1751 etiam
1876 1674 2025 1749 Lutheri
2054 1693 2088 1748 et

50 1799 152 1870 rant,
189 1784 307 1853 minus
333 1778 562 1853 vehementer
594 1782 768 1854 adversati
803 1793 904 1859 sunt,
942 1779 1046 1870 eique
1097 1779 1302 1849 concionem
1342 1782 1386 1848 de
1417 1780 1653 1870 Indulgentiis
1686 1782 1827 1872 publice
1863 1781 2008 1851 coniicit
2046 1781 2086 1848 in

51 1899 200 1981 propter
221 1884 464 1966 autoritatem,
489 1908 595 1976 quam
618 1897 652 1951 et
668 1906 786 1951 rerum
801 1882 977 1951 bonarum
1001 1879 1045 1945 il·
1098 1880 1266 1948 flammas.
1305 1878 1354 1948 lli
1369 1883 1506 1952 furores
1527 1883 1658 1952 Tecelii
1675 1898 1709 1953 et
1724 1883 1799 1953 eius
1814 1882 2004 1952 satellitum
2020 1881 2087 1948 im-

53 1986 264 2058 lnstratione
297 1997 332 2055 et
361 1985 541 2054 sanctitate
561 2007 701 2053 morum
726 1996 827 2052 antea
850 1992 1047 2074 pepererat,
1101 1994 1238 2070 ponunt
1253 1982 1493 2052 necessitatem
1510 1978 1669 2052 Luthero
1686 1986 1730 2052 de
1750 1986 1856 2054 rebus
1880 1983 2005 2050 iisdem
2028 2006 2089 2050 co-

54 2088 95 2158 in
117 2088 162 2157 iis
182 2085 367 2158 sententiis
388 2088 636 2170 adsenserunt,
661 2084 791 2179 quibus
813 2105 940 2172 magno
967 2103 1048 2148 cum
1093 2083 1233 2172 ,piosius
1250 2083 1462 2167 disserendi,
1489 2096 1523 2152 et
1539 2086 1692 2154 tuendae
1706 2085 1873 2158 veritatis.
1917 2121 1918 2124 ¹

58 2189 181 2261 dolore
196 2189 364 2257 videbant
377 2187 500 2256 orbem
516 2201 689 2259 terrarum
702 2178 862 2255 distrahi.
1199 2180 1296 2251 Haec
1321 2183 1424 2252 initia
1447 2185 1593 2256 luerunt
1617 2181 1723 2256 huius
1745 2185 2023 2269 controversiae,
2049 2185 2086 2252 in

158 2285 232 2358 Nec
244 2283 425 2359 Lutherus
438 2301 522 2357 tunc
544 2289 584 2355 in
604 2289 733 2357 ritibus
754 2285 948 2378 quidquam
967 2304 1049 2351 mu·
1102 2307 1169 2374 qua
1186 2278 1363 2352 Lutherus
1381 2280 1473 2352 nihil
1490 2281 1605 2355 adhuc
1627 2287 1809 2378 suspicans
1827 2301 1888 2357 aut
1909 2287 2089 2356 somnians

10 2456 13 2469 ‚
59 2391 172 2475 ubas,
205 2391 278 2457 imo
310 2390 452 2459 tetricus
481 2388 688 2478 disciplinae
709 2400 825 2458 custos
847 2387 940 2454 inter
967 2405 1049 2453 suos
1102 2386 1145 2452 de
1166 2385 1285 2454 futura
1306 2385 1502 2455 mutatione
1519 2387 1673 2473 rituum,
1696 2411 1743 2457 ne
1759 2388 1903 2480 quidem
1918 2388 2009 2477 ipsas
2033 2389 2090 2455 in-

10 2474 16 2575 l
60 2506 153 2572 erat,
178 2514 243 2560 nec
263 2489 451 2559 miscuerat
475 2490 613 2582 aliquid
634 2490 845 2581 opinionum
868 2482 1050 2555 horridio-
1103 2485 1301 2574 dulgentias
1314 2510 1457 2575 prorsus
1473 2487 1680 2573 abiicicbat,
1701 2490 1761 2559 sed
1774 2502 1913 2559 tantum
1928 2491 2093 2558 modera-

10 2582 15 2683 Ι
59 2617 153 2665 mm.
204 2589 273 2661 Sed
300 2590 398 2659 illam
425 2615 648 2660 communem
674 2604 710 2660 et
733 2611 877 2682 prorsus
892 2608 1051 2656 necessa·
1103 2585 1236 2655 tionem
1259 2585 1449 2676 flagitabat.
1510 2588 1630 2678 Quare
1654 2590 1743 2660 falso
1768 2614 1849 2660 eum
1872 2590 2095 2659 calumnian-

10 2698 14 2809 Ι
58 2694 152 2764 riam
170 2693 367 2761 doctrinam
391 2693 559 2761 omnibus
580 2693 688 2782 magis
701 2691 880 2783 magisque
895 2688 1052 2757 illustra·
1104 2699 1182 2772 tur,
1208 2689 1269 2780 qui
1293 2712 1312 2757 a
1336 2689 1515 2778 plausibili
1536 2715 1638 2761 causa
1654 2715 1815 2762 exorsum
1824 2689 1872 2787 ¹⁴)
1887 2691 2028 2775 dicunt,
2055 2705 2095 2761 ut

57 2790 142 2878 hat,
173 2795 218 2864 de
245 2793 481 2884 poenitentia,
510 2796 555 2862 de
584 2794 791 2863 remissione
818 2802 1053 2883 peccatorum,
1106 2802 1224 2880 postea
1241 2803 1391 2860 mutaret
1407 2789 1699 2883 Rempublicam,
1722 2808 1756 2865 et
1775 2795 1832 2863 vel
1855 2793 1924 2863 sibi
1940 2795 1996 2862 vel
2018 2793 2097 2862 aliis

60 2894 211 2980 deiide,
238 2897 281 2965 dc
296 2894 389 2965 veris
402 2895 704 2977 consolationibus
719 2896 758 2964 in
775 2917 889 2966 cruce.
933 2889 1052 2960 Huius
1107 2892 1301 2980 potentiam
1319 2906 1511 2983 quaereret.
1554 2891 1607 2965 Ac
1622 2907 1761 2965 tantum
1776 2897 1894 2976 abest,
1920 2908 1960 2965 ut
1974 2895 2019 2962 ab
2034 2919 2098 2962 an·
2218 2984 2222 2990 Ι

60 2996 245 3069 doctrinae
267 2991 512 3089 dulcedine¹²)
537 2997 589 3088 pii
611 3019 735 3067 omnes
748 2996 852 3066 valde
867 2993 1056 3083 capieban-
1108 2992 1185 3060 licis
1215 2993 1428 3062 subornatus
1455 3008 1517 3064 aut
1539 2996 1706 3066 incitatus
1737 2996 1801 3080 sit,
1838 2997 1929 3067 sicut
1959 2995 2101 3084 scripsit

59 3110 140 3183 ter,
170 3093 220 3165 Et
241 3096 388 3165 eruditis
412 3109 549 3185 gratum
577 3109 669 3182 erat,
703 3097 804 3191 quasi
829 3119 870 3165 ex
890 3093 1057 3175 tenebris,
1108 3091 1189 3162 Dux
1204 3090 1492 3178 Brunsvicensis,
1517 3110 1556 3167 ut
1571 3095 1726 3166 doluerit
1740 3097 1845 3167 etiam
1862 3094 1943 3166 Dux
1962 3090 2099 3164 Fride-

63 3219 223 3280 earcere,
235 3196 396 3286 squalore
412 3197 514 3266 educi
529 3193 723 3282 Christum,
737 3191 942 3286 Prophetas,
957 3192 1057 3284 Apo·
1110 3192 1207 3263 ricus
1219 3195 1355 3263 moveri
1369 3196 1576 3281 certamina,
1601 3197 1706 3288 longe
1726 3199 1960 3290 prospiciens,
1987 3209 2101 3290 quatr-

30 3316 36 3345 ³
66 3298 194 3380 stolus,
210 3295 367 3386 conspici
383 3295 573 3366 discrimen
586 3296 690 3386 Legis
708 3313 739 3366 et
756 3297 960 3385 Evangelii,
973 3318 1057 3385 pro·
1110 3319 1216 3387 quam
1235 3297 1421 3364 exordium
1437 3312 1526 3367 esset
1539 3299 1582 3366 de
1598 3321 1637 3365 re
1653 3299 1857 3389 plausibili,
1883 3311 2000 3367 tamen
2010 3322 2100 3387 pau·

29 3414 43 3477 ’ζ
66 3396 277 3470 missionum
293 3395 397 3486 Legis
411 3411 445 3468 et
463 3396 958 3487 promissionisEvangelicae,
971 3391 1059 3464 Phi·
1111 3397 1209 3465 latim
1233 3397 1338 3466 latins
1359 3411 1561 3486 vagaturam
1580 3421 1652 3467 esse
1669 3395 1760 3468 hanc
1775 3399 1972 3480 flammam,
1998 3411 2037 3466 ut
2059 3400 2103 3465 ‹le

42 3492 249 3589 ,hsopbiae
268 3508 302 3564 et
319 3493 522 3586 Evangelii,
547 3501 644 3590 quod
660 3513 751 3568 certe
769 3523 844 3568 non
858 3498 995 3566 extabat
1019 3496 1059 3563 in
1112 3500 1176 3568 lite
1195 3500 1288 3588 apud
1311 3496 1507 3566 Homerum
1531 3499 1677 3567 dicitur:
1729 3521 1837 3589 parva
1869 3510 1966 3568 metu
1987 3497 2103 3586 primo

68 3595 228 3683 Thema,
253 3594 359 3666 Scuto
375 3609 410 3666 et
425 3598 621 3682 similibus,
647 3600 800 3669 iustitiae
814 3597 1008 3689 spiritualis
1027 3607 1062 3665 et
1113 3624 1194 3668 mox
1212 3621 1285 3667 sese
1301 3598 1430 3668 attollit
1447 3598 1484 3665 in
1500 3621 1613 3668 auras.
1655 3597 1816 3692 Cumque
1834 3621 1927 3669 unns
1944 3600 2104 3669 omnium

69 3722 188 3771 serum
203 3697 440 3790 politicarum.
492 3696 692 3769 Accedebat
707 3695 796 3782 huc,
823 3699 920 3790 quod
936 3693 1062 3766 Eras—
1096 3714 1255 3771 »nostrae
1271 3699 1391 3767 aetatis
1405 3699 1608 3790 principum
1618 3692 1833 3770 Friderirus
1853 3714 1886 3769 et
1903 3701 2106 3793 tranquilli-

72 3799 276 3891 adscriptis
291 3810 361 3868 tarn
378 3797 527 3869 invitata
544 3814 642 3870 erant
665 3799 860 3870 iuventutis
882 3799 998 3869 studia
1017 3798 1062 3865 ad
1115 3802 1199 3872 tatis
1214 3801 1381 3893 publicae
1393 3801 1654 3871 amantissimus
1662 3802 1781 3886 fuerit,
1797 3816 1831 3873 et
1847 3801 1994 3870 minime
2002 3804 2106 3873 πλεο-

72 3900 201 3973 htinae
233 3912 269 3969 et
300 3921 441 3988 graecae
473 3901 614 3990 linguae
648 3902 907 3990 cognitionem,
944 3898 1064 3987 Quare
1116 3897 1298 3986 νεκτικὸς,
1318 3903 1537 3995 maximeque
1553 3902 1677 3972 solitus
1694 3903 1739 3973 sit
1753 3903 1884 3972 referre
1899 3903 2045 3971 consilia
2062 3903 2107 3969 ad

71 4013 270 4075 nonstrato
304 4001 374 4069 iam
403 4001 561 4071 dulciore
581 4026 708 4092 genere
731 4003 930 4084 doctrinae,
959 3999 1066 4070 multi
1119 4027 1341 4074 communem
1366 4004 1514 4073 salutem
1532 4003 1629 4074 orbis
1654 4017 1838 4089 terrarum,
1860 4017 1900 4075 ut
1922 4027 1963 4072 ex
1985 4001 2120 4093 multis¹

73 4104 179 4177 honis
198 4115 235 4172 et
257 4101 379 4172 liberis
403 4103 554 4192 ingeniis
576 4104 729 4195 praediti
745 4100 935 4172 abhorrere
949 4125 969 4171 a
983 4103 1067 4170 bar·
1119 4108 1224 4176 rebus
1248 4104 1400 4193 intelligi
1420 4118 1552 4195 potest,
1574 4127 1639 4174 nec
1661 4101 2018 4185 incitatorLuthero,
2043 4125 2109 4170 nec

72 4204 193 4277 huss
208 4215 243 4273 et
257 4199 447 4295 sophistica
467 4205 627 4274 doctrina
644 4200 904 4276 Monacbornm
920 4202 1069 4295 incipie-
1120 4209 1311 4299 adplausor
1326 4207 1404 4289 luit,
1420 4206 1761 4300 suumqnedolorem
1777 4229 1879 4297 saepe
1890 4204 2110 4292 significavit,
2151 4212 2154 4216 ’

72 4305 172 4380 hul.
231 4301 309 4395 lpse
337 4305 442 4395 etiam
472 4301 652 4375 Lutherus
682 4329 824 4396 graecae
846 4317 882 4376 et
910 4305 1067 4374 ebraicac
1121 4333 1223 4402 quem
1233 4309 1371 4377 assidue
1386 4307 1603 4380 circumtulit
1617 4322 1778 4380 metuens
1793 4306 1986 4374 discordias
1999 4304 2113 4373 maio-

74 4400 217 4499 Bagoae
231 4405 358 4476 studiis
373 4428 410 4475 se
427 4408 555 4476 dedere
571 4407 704 4498 coepit,
724 4421 765 4477 ut
781 4408 919 4497 cognita
937 4429 1071 4475 sermo-
1120 4434 1189 4483 res.
1215 4409 1285 4481 Sed
1295 4411 1351 4479 vir
1358 4409 1497 4502 sapiens
1511 4424 1545 4481 et
1554 4432 1627 4480 non
1636 4422 1771 4480 tantum
1781 4401 1966 4498 prophana
1981 4405 2114 4476 iudicia

74 4508 133 4603 nis
157 4508 373 4601 proprietate
405 4520 439 4576 et
462 4501 603 4598 phrasi,
637 4522 672 4578 et
698 4503 824 4579 hausta
846 4532 888 4578 ex
912 4509 1072 4577 lontibus
1124 4535 1292 4604 sequens,
1317 4535 1406 4604 quae
1429 4525 1549 4581 tenera
1571 4509 1672 4580 initia
1693 4509 1853 4579 omnium
1874 4509 2114 4578 mutationum

76 4609 259 4694 hanna,
286 4608 463 4677 dexterius
480 4609 636 4679 indicare
650 4623 776 4701 posset.
1125 4614 1305 4683 celerrime
1327 4613 1481 4703 opprimi
1504 4613 1645 4695 iubent,
1669 4611 1730 4679 sed
1754 4609 1859 4680 etiam
1880 4632 2043 4680 normam
2059 4608 2114 4680 di-

177 4705 223 4780 Iu
255 4704 324 4780 hoc
350 4731 456 4778 cursu
480 4735 561 4779 cum
584 4724 674 4781 esset
693 4707 888 4797 Lutherus,
922 4711 1073 4782 circum·
1126 4716 1246 4783 vinam
1267 4715 1307 4783 in
1329 4715 1516 4783 consilium
1540 4707 1730 4795 adhibens,
1765 4734 1856 4803 quae
1879 4711 1977 4782 iubet
1998 4711 2115 4783 audiri

76 4812 245 4885 termrur
266 4811 409 4881 venales
431 4810 672 4899 indulgentiae
694 4812 734 4881 in
755 4807 813 4883 his
828 4813 1033 4903 regionibus
1055 4834 1076 4881 a
1126 4813 1380 4906 Evangelium,
1405 4828 1447 4905 et
1476 4826 1569 4882 vetat
1598 4813 1737 4902 agnitae
1757 4813 1898 4884 veritati
1925 4813 2117 4896 adversari,

78 4906 226 4985 Taedio
254 4910 493 4983 Dominicano
521 4913 828 5004 impudentissimo
852 4909 1077 5011 sycophanta,
1128 4943 1168 4986 ac
1199 4913 1454 5008 blasphemiam
1483 4927 1585 4984 vocat
1618 4909 1841 4986 horribiliter
1868 4916 2070 4984 damnatam
2098 4938 2118 4983 a

79 5015 183 5087 cuius
205 5014 326 5107 impiis
351 5026 385 5084 et
406 5013 553 5083 nefariis
576 5014 807 5084 concionibus
829 5015 987 5086 irritatus
1002 5015 1077 5084 Lu·
1129 5019 1205 5090 Deo
1228 5015 1455 5109 pertinaciam
1474 5015 1615 5084 veritati
1628 5017 1889 5102 adversantem,
1914 5016 1999 5087 fecit
2022 5018 2120 5110 quod

82 5110 224 5201 theras,
249 5115 368 5187 studio
391 5115 531 5206 pietatis
554 5117 702 5200 ardens,
727 5116 838 5186 edidit
858 5114 1078 5208 Propositio-
1129 5121 1232 5190 multi
1261 5117 1323 5188 alii
1352 5117 1401 5208 pii
1436 5130 1471 5187 et
1495 5117 1670 5209 sapientes
1696 5119 1872 5204 fecerunt,
1899 5114 1982 5213 „Deo
2010 5119 2121 5199 cessit,

1116 5357 1122 5368 ’
1170 5367 1212 5435 ld)
1233 5366 1313 5423 Decl.
1331 5373 1549 5437 suasopln‘slisa
1561 5381 1709 5442 utrunque.

120 5434 173 5508 u)
189 5433 272 5494 Deel.
290 5435 437 5489 dulcedine
454 5438 611 5491 doarr'nae.
1171 5446 1219 5516 ll)
1237 5451 1387 5512 exarsum]
1405 5446 1485 5505 Decl.
1502 5465 1651 5505 exarsum.

97 5535 280 5609 limans}
308 5541 413 5609 Orsa.
463 5543 548 5611 Van.
573 5543 633 5611 vl.
1313 5554 1355 5623 11
