4748 6022
203 212 279 293 347
793 186 1228 270 EPISTOLARUM
1277 192 1382 274 LlB.
1406 196 1453 275 X.
1507 192 1636 274 1⁵47.
2176 196 2254 272 548

208 391 280 484 ipsi
298 411 335 460 se
351 399 386 456 et
406 382 506 455 alios.
552 372 628 445 Nos
651 372 759 444 stulta
779 370 988 441 credulitate
1012 367 1062 437 eis
1084 387 1205 436 assen-
1254 370 1409 462 Quodsi
1431 371 1569 456 imese,
1603 370 1686 441 satis
1708 382 1777 451 est,
1812 393 2000 462 personam
2016 391 2115 440 ream
2131 386 2252 443 meme

208 496 336 566 tientes
356 472 510 557 excusati
531 500 664 549 sumus·
727 474 798 545 Sed
819 471 917 543 Deus
937 470 1062 563 puniet
1085 490 1144 539 ⁸⁰⁸
1176 468 1207 535 si
1253 488 1414 567 paratam
1438 497 1531 558 esse,
1562 485 1604 542 ut
1622 474 1840 563 obtemperet
1861 488 1896 542 et
1916 474 1977 541 liat
1996 466 2254 548 reconciliatio:

208 593 443 666 mentiuntur.
494 580 567 652 Nec
583 602 646 669 ego
664 580 708 649 de
724 576 946 665 singulorum
964 572 1131 643 cordibus
1149 570 1206 637 iu·
1255 576 1326 647 Sed
1351 577 1382 645 si
1406 601 1480 646 non
1502 576 1665 645 institues
1694 575 1875 665 publicam
1901 574 2182 660 absolutionem,
2219 590 2255 647 et

208 699 307 779 dico,
336 680 495 760 fortassis
511 683 692 774 aliquibus
704 703 785 748 vere
807 700 1012 769 persuasum
1030 686 1101 757 est,
1127 685 1207 740 tan·
1254 701 1405 772 persona
1426 702 1486 747 rea
1509 678 1597 768 petit
1620 676 1760 746 admitti
1784 678 1829 746 ad
1854 700 2000 747 coenam
2024 676 2184 761 domini,
2220 693 2256 750 et

208 815 286 871 tum
307 806 454 886 propter
478 786 641 880 politicas
663 805 783 852 causas
803 794 941 848 motum
963 800 1036 845 esse
1060 774 1206 845 bellum.

167 928 172 937 ·
210 901 280 973 Sed
299 911 417 968 tamen
432 913 522 985 quae
538 887 703 956 voluntas
719 884 766 952 sit
783 870 920 949 Caroli
934 877 1021 970 lmp.
1039 890 1073 945 et
1088 875 1206 944 fratris

155 1052 162 1071 .
209 1002 322 1072 multa
344 1008 427 1067 sunt
448 988 661 1063 testimonia.
721 984 793 1055 Sed
816 984 1021 1052 omittamus
1046 979 1207 1067 disputa-

209 1107 363 1182 tionem,
389 1122 429 1166 ac
450 1093 568 1186 potius
584 1092 702 1160 Deum
720 1110 882 1165 oremus,
911 1098 952 1153 ut
974 1077 1040 1151 hoc
1057 1079 1208 1169 parrici-

210 1205 304 1277 diale
322 1200 454 1270 bellum
471 1197 544 1285 ipse
559 1193 749 1261 clementer
766 1191 887 1257 sedare
897 1185 992 1254 velit.
1045 1182 1206 1251 Fortasse

211 1310 389 1378 laetantur
403 1298 530 1391 aliqui,
557 1295 653 1387 quod
670 1291 856 1383 parricidia
872 1288 910 1356 ln
929 1282 986 1355 his
1001 1284 1206 1375 regionibus

211 1409 419 1479 excitarunt.
469 1399 539 1470 Sed
553 1394 649 1465 Deus
662 1393 786 1485 puniet
800 1406 939 1461 autores
954 1389 1059 1458 etiam
1075 1399 1207 1477 postea.

211 1510 310 1581 Bene
327 1506 404 1575 vale
420 1516 454 1571 et
472 1498 635 1570 rescribe.
687 1493 794 1563 Mitto
811 1493 1076 1584 responsionem
1096 1486 1208 1576 expli-

212 1628 325 1685 catam
349 1608 394 1677 ad
424 1618 502 1675 tuas
532 1599 772 1693 quaestiones,
810 1619 896 1688 quas
920 1594 1027 1660 nimis
1052 1591 1208 1658 breviter

211 1692 439 1809 propd'suisti.
490 1704 528 1775 Si
545 1702 653 1791 igitur
669 1700 830 1766 noudum
846 1696 995 1765 satisfeci
1014 1694 1096 1778 tihi,
1121 1690 1209 1759 scri-

215 1820 260 1889 be
280 1811 521 1884 narrationem
542 1828 665 1873 eorum
686 1824 829 1870 casuum
850 1797 1056 1885 longiorem.
1108 1794 1208 1862 Deus

214 1918 305 1989 adsit
320 1914 387 1986 tibi
403 1923 438 1980 et
455 1924 488 1980 te
504 1907 688 1995 gubernet.
722 1898 856 1969 lterum
871 1900 949 1967 vale
967 1913 1002 1969 et
1018 1920 1079 1966 ora
1091 1892 1207 1963 Deum

217 2033 399 2092 aeternum
422 2024 557 2102 patrem
581 2003 730 2075 Domini
748 2003 862 2071 nostri
889 1999 966 2069 lesu
980 1995 1116 2069 Christi
1142 2021 1209 2063 no-

213 2124 370 2204 biscum,
402 2127 443 2184 ut
465 2134 586 2203 pacem
609 2103 665 2175 his
687 2104 892 2194 regionibus
915 2103 1009 2192 piam
1030 2113 1063 2169 et
1079 2100 1210 2167 saluta-

214 2250 288 2295 rem
304 2220 475 2291 restituat.
511 2209 700 2293 Rescribc3
724 2206 894 2287 Salutem,
916 2219 950 2274 et
964 2205 1114 2283 felicem,
1131 2201 1210 2269 sau-

216 2342 310 2397 stum
332 2346 371 2389 ae
393 2313 626 2405 tranquillum
652 2331 786 2377 annum
812 2307 879 2375 tihi
903 2319 1066 2396 optamus
1089 2325 1151 2389 ego
1177 2314 1210 2370 et

216 2424 405 2495 Erasmus
423 2406 678 2485 Snlveldensis
693 2410 821 2477 exules.
855 2401 883 2503 †
898 2407 1010 2476 Datae
1025 2404 1211 2475 Cervestae

219 2527 348 2597 Trium
364 2520 504 2609 Regum
525 2510 652 2586 1547?
666 2508 696 2606 ²)

732 2621 924 2719 Philippus
937 2618 1162 2694 Melanthon.

418 2837 586 2929 †Prima
604 2833 772 2937 quaestio
784 2832 825 2929 ³).

319 2961 379 3036 An
395 2963 554 3032 adultera
571 2954 887 3049 permagistratum
901 2948 1038 3038 regium
1053 2950 1214 3019 absoluta

372 3061 592 3136 admittenda
609 3060 656 3128 sit
671 3059 717 3126 ad
736 3076 882 3124 coenam
898 3050 1063 3121 domini?

269 3179 495 3283 Responsio:
537 3178 578 3248 Si
598 3175 706 3269 petit,
741 3186 775 3243 et
796 3170 974 3263 promittit
995 3169 1214 3239 emendatio-

220 3291 416 3369 nemvitae,
430 3282 647 3353 admittenda
657 3290 706 3346 est
717 3277 760 3343 ad
772 3295 915 3342 coenam
932 3270 1081 3344 domini.
1106 3270 1214 3359 Quod

219 3406 336 3467 autem
353 3390 396 3455 de
412 3383 552 3476 publica
569 3376 790 3449 absolutionc
813 3374 1028 3462 interrogas,
1052 3374 1215 3443 conside-

219 3494 374 3567 randum
391 3499 462 3568 est,
494 3506 538 3551 an
558 3481 596 3548 in
612 3476 770 3547 Ecclesia
785 3488 846 3545 tua
859 3476 896 3543 in
912 3487 1008 3544 tanta
1026 3476 1213 3569 tyrannide

221 3591 365 3667 institui
383 3585 505 3681 possit.
554 3578 766 3671 Exemplum
791 3576 879 3646 utile
906 3590 974 3659 est3
1009 3580 1070 3645 sed
1094 3589 1214 3646 tamen

211 3684 284 3769 'itta
310 3687 507 3764 ceremonia
538 3682 701 3776 publicae
729 3678 962 3749 absolutionis
987 3692 1134 3748 nonest
1158 3702 1214 3747 res

223 3794 430 3871 necessaria.

321 3932 490 4016 Secunda
506 3929 687 4032 qttnestio:
712 3953 758 3999 an
773 3930 931 3998 adultera
944 3929 1104 3999 nondum
1121 3928 1214 4001 aSe-

376 4056 464 4113 natu
495 4037 657 4107 absoluta
681 4032 899 4103 admittenda
929 4030 975 4100 sit
997 4033 1042 4100 ad
1068 4055 1214 4101 coenam
1261 4004 1456 4137 Q

374 4139 537 4216 domini?

273 4258 497 4363 Responsio:
525 4254 566 4327 si
579 4250 759 4347 publicam
776 4248 1033 4319 absolutionem
1051 4247 1214 4316 institue-

223 4396 294 4457 res,
328 4374 506 4458 oporteret
529 4356 743 4427 satisfactum
767 4373 839 4419 esse
856 4351 1011 4435 senatui,
1042 4349 1100 4417 vel
1124 4360 1215 4416 certe

225 4482 405 4569 oporteret
434 4467 544 4556 ipsam
572 4458 625 4528 ibi
646 4456 739 4525 clare
769 4451 944 4557 profiteri,
985 4475 1022 4521 se
1051 4462 1215 4541 paratum

225 4600 299 4649 esse
314 4569 452 4649 animo,
478 4578 520 4633 ut
534 4563 752 4649 obtemperet
766 4553 913 4624 senatui.
971 4548 1120 4641 Semper
1135 4574 1217 4619 vera

225 4670 409 4753 conversio
425 4664 538 4735 animi
557 4662 640 4731 lacit
656 4658 854 4729 membrum
870 4650 1065 4738 Ecclesiae3
1091 4676 1158 4720 nec
1172 4653 1218 4721 ad

225 4806 303 4855 eam
321 4769 499 4869 pertinent
513 4785 647 4856 poenae
661 4761 842 4853 politicae,
868 4757 941 4827 sive
957 4756 1124 4824 accedant
1144 4753 1218 4822 sive

226 4906 302 4957 non
318 4872 496 4948 accedant.
547 4864 711 4934 Fortasse
725 4874 867 4933 senatus
887 4880 1007 4935 morae
1022 4858 1125 4928 causa
1140 4856 1219 4926 fuit.

225 5064 452 5093 ..--—--

259 5180 290 5249 2)
310 5174 392 5231 Diem
404 5180 430 5224 et
445 5181 550 5222 annum
562 5158 638 5216 addit
652 5158 838 5214 codbionac.
848 5157 893 5215 87.
1023 5216 1033 5227 κ
1185 5204 1190 5215 ,

259 5264 289 5335 b)
305 5258 381 5315 llaec
393 5268 462 5325 quae
477 5250 629 5319 sequnntur
646 5240 763 5323 servprit
776 5239 856 5324 upbit
867 5238 932 5297 ced.
945 5240 1059 5297 Menae.
1068 5236 1118 5323 st..
1149 5236 1221 5319 Sunt

288 5324 484 5457 ttttttttt:
525 5308 892 5439 mittitete
915 5328 980 5367 ‘'¹''
995 5306 1220 5377 '‘mmm''

1254 780 1430 875 promittit
1447 779 1731 849 emendationem
1744 780 1855 863 vitae,
1879 792 1915 849 et
1929 778 2033 848 offert
2047 802 2105 863 se,
2130 793 2172 849 ut
2187 781 2255 851 ob-

1255 896 1425 973 temperet
1445 882 1598 951 senatui:
1633 895 1671 950 tu
1687 882 1759 971 ipse
1775 876 1843 951 hoc
1865 904 2018 971 exponas
2034 878 2189 966 senatui,
2217 897 2253 954 et

1256 988 1304 1056 ita
1322 986 1486 1055 admittas
1507 1007 1584 1053 cam
1605 986 1649 1051 ad
1671 1007 1816 1052 coenam
1838 983 1975 1053 domini
1998 997 2135 1053 servato
2152 1009 2253 1055 more

1254 1090 1384 1157 usitato
1407 1088 1564 1178 privatae
1587 1086 1831 1157 absolutionis.
1892 1080 1989 1152 Mihi
2013 1085 2156 1155 videtur
2178 1112 2253 1156 non

1256 1190 1410 1259 difficilis
1439 1212 1512 1258 esse
1533 1188 1741 1257 diiudicatio
1769 1181 1896 1255 harum
1922 1188 2188 1279 quaestionum,
2222 1192 2254 1259 si

1257 1315 1427 1384 personae
1450 1302 1533 1360 sunt
1556 1291 1660 1374 tales,
1694 1303 1734 1359 ut
1757 1312 1834 1379 spes
1855 1289 1918 1369 sit,
1954 1302 2156 1357 secuturum
2177 1314 2253 1361 esse

1255 1420 1336 1464 mox
1355 1393 1648 1464 emendationem.
1700 1389 1804 1459 Tales
1819 1404 1910 1459 certe
1934 1414 2009 1459 non
2033 1406 2116 1461 sunt
2133 1394 2253 1463 exclu-

1256 1497 1364 1567 dendi
1385 1521 1426 1565 ex
1446 1491 1614 1565 Ecclesia.
1668 1491 1777 1580 Quod
1803 1493 1832 1560 si
1853 1493 2044 1575 obiiciunt,
2070 1494 2250 1564 neminem

1256 1598 1515 1669 admittendum
1539 1621 1612 1664 esse
1638 1596 1708 1663 nisi
1734 1597 1824 1663 lacta
1854 1594 2140 1664 reconciliatione
2166 1621 2249 1665 cum

1255 1704 1381 1783 fratre,
1406 1723 1529 1768 verum
1552 1711 1619 1780 est,
1656 1710 1817 1787 oportere
1834 1720 1933 1764 reum
1953 1711 2071 1767 mente
2088 1710 2249 1787 paratum

1257 1827 1330 1873 esse
1347 1804 1391 1871 ad
1407 1799 1749 1879 reconciliationem,
1781 1799 1842 1865 sed
1864 1799 1894 1865 si
1910 1798 2000 1869 alter
2020 1800 2144 1869 dillert
2164 1824 2252 1884 eam,

1257 1927 1338 1974 reus
1354 1917 1535 1973 excusatus
1552 1914 1613 1969 est.
1664 1898 1763 1987 Quid
1778 1899 1872 1967 enim
1895 1900 1925 1968 si
1945 1899 2091 1993 aliquis,
2118 1900 2253 1972 iniuria

1258 2008 1413 2091 allectus,
1439 2007 1484 2076 sit
1502 2002 1751 2093 implacabilis,
1771 2016 1811 2072 ut
1825 2015 1909 2070 sunt
1924 2002 2053 2072 multi?
2081 2001 2161 2072 Scio
2180 2005 2254 2071 dif-

1258 2109 1385 2178 ficilem
1408 2132 1481 2176 esse
1504 2104 1797 2194 gubernationem
1812 2098 1990 2173 Ecclesiae
2011 2104 2051 2171 in
2068 2098 2137 2172 hoc
2161 2118 2254 2174 tem-

1260 2235 1385 2302 porum
1403 2207 1626 2292 contusione3
1654 2207 1733 2274 ideo
1749 2205 1957 2296 prudentia,
1980 2206 2198 2288 dexteritate,
2222 2222 2254 2278 et

1259 2306 1428 2406 ἐπιείκεια
1451 2313 1489 2379 in
1503 2309 1627 2378 multis
1649 2306 1916 2401 quaestionibus
1932 2308 2151 2399 explicandis
2166 2333 2254 2401 opus

1259 2428 1321 2486 est.

1360 2571 1490 2645 Tertia
1507 2573 1688 2673 quaestio:
1715 2598 1760 2644 an
1770 2577 1875 2645 liceat
1883 2577 2050 2667 coniungi
2063 2574 2255 2647 moechum

1414 2702 1494 2747 cum
1511 2702 1549 2747 ca
1565 2702 1673 2771 quam
1688 2679 1836 2769 polluit,
1862 2678 1943 2748 vivo
1963 2679 2114 2748 marito?

1310 2799 1535 2905 Responsio:
1562 2806 1740 2893 Concedo,
1765 2803 2076 2880 utBethsabavere
2091 2812 2159 2881 tuit
2176 2813 2257 2882 Da-

1261 2910 1355 2979 vidis
1370 2912 1545 2991 coniunx,
1577 2910 1683 2979 etiam
1698 2910 1872 2980 divinitus
1892 2914 2106 3005 approbata,
2139 2940 2256 3008 quan-

1262 3036 1369 3106 quam
1384 3010 1501 3081 David
1517 3013 1658 3081 vivente
1669 3013 1797 3081 marito
1815 3036 1892 3082 eam
1908 3016 2115 3107 compressit
2131 3031 2164 3086 et
2178 3042 2255 3087 ma-

1261 3115 1371 3185 ritum
1387 3114 1582 3194 interfecit,
1609 3128 1661 3200 et,
1688 3115 1833 3205 situum
1850 3139 1967 3187 casum
1985 3132 2077 3187 recte
2094 3119 2254 3208 intelligo

1262 3230 1296 3286 et
1311 3239 1386 3285 non
1400 3230 1484 3286 sunt
1496 3217 1564 3285 alia
1573 3216 1838 3307 impedimenta,
1863 3232 2001 3308 praeter
2014 3244 2152 3311 eaquae
2167 3223 2257 3291 seri-

1262 3318 1375 3409 psisti,
1397 3321 1663 3388 concedendum
1679 3341 1752 3388 esse
1765 3319 1814 3386 eis
1824 3322 2028 3408 coniugium
2045 3323 2176 3396 iudico.
2208 3320 2258 3393 Et

1261 3421 1398 3490 utinam
1413 3420 1451 3489 in
1466 3421 1631 3510 coniugio
1649 3421 1705 3510 pie
1721 3420 1862 3492 vivant!
1900 3419 1938 3487 ld
1959 3424 2121 3490 monebis
2139 3449 2181 3493 eo
2200 3426 2259 3493 di-

1262 3523 1440 3612 ligentius.
1495 3521 1569 3611 Qui
1589 3522 1754 3611 ignorant
1774 3516 1821 3611 ⁴),
1854 3520 2076 3608 magistratus
2099 3548 2261 3610 poenam

1263 3620 1478 3715 negligunt.''

2117 4018 2149 4077 6.
2165 4009 2231 4077 lan.

2079 4100 2254 4133 m

1579 4183 1728 4267 Ioach.
1749 4182 1940 4267 Mottero.

1332 4324 1418 4445 Epist.
1433 4368 1480 4423 lib.
1496 4368 1533 4422 ll.
1551 4384 1578 4439 p.
1588 4362 1651 4421 487.
1669 4364 1745 4433 (edit.
1759 4364 1850 4418 Loud.
1864 4363 1911 4418 lib.
1925 4364 1959 4418 tt.
1977 4384 2019 4437 ep.
2034 4366 2107 4433 517.)

1466 4536 1520 4608 D.
1553 4529 1801 4607 loachimo
1828 4534 2052 4612 Mollero.

1265 4676 1307 4768 S.
1320 4691 1366 4765 D.
1401 4684 1615 4759 Charissime
1634 4678 1664 4752 I
1661 4674 1843 4771 oachime,
1868 4686 2068 4757 Meministi
2085 4710 2141 4757 me
2156 4712 2260 4783 saepe

1266 4794 1368 4893 quasi
1395 4788 1670 4883 praesagientem
1699 4782 1763 4856 has
1791 4784 2087 4887 γιγαντομαχίας
2117 4788 2261 4863 Princi-

1265 4921 1372 4993 pum,
1412 4893 1546 4962 dicere:
1586 4877 1766 4959 Cieitntes
1790 4888 1876 4959 bene
1904 4900 2072 4962 moratas
2093 4886 2262 4989 hospitia

1259 4998 1347 5102 sore
1369 4992 1568 5094 aliquanto
1594 4999 1678 5097 post
1710 4986 1899 5063 doctrinae
1929 5001 1961 5062 et
1990 4988 2262 5085 Ecclesinrnm,

1268 5126 1347 5174 enm
1358 5092 1573 5194 Principum
1585 5087 1723 5193 oppida
1739 5090 1847 5165 deliis
1868 5104 2016 5167 vastata
2032 5106 2159 5169 essent.
2187 5096 2263 5171 lta-

1300 5372 1332 5443 4)
1349 5368 1475 5425 incertus
1487 5382 1549 5421 snm
1562 5380 1598 5418 an
1610 5360 1651 5419 sic
1663 5370 1736 5418 recte
1748 5361 1873 5433 legerim.
