4748 6022
152 160 234 287 sss
737 201 1607 283 ur1srounnuun1n.x.1547.
1820 305 1824 312 ¹
1964 273 1967 278 ,
2116 147 2203 278 'sos

160 374 386 452 Eruditione
419 389 450 451 et
478 379 606 451 virtute
634 378 845 478 praestanti
875 361 1157 449 iustoilusto
1205 375 1301 446 Deus
1321 377 1487 447 defendat
1511 391 1545 447 et
1567 377 1756 466 gubernet,
1782 389 1854 450 toto
1871 401 1950 446 eum
1965 390 2105 467 pectore
2124 402 2206 450 oro.

162 479 308 562 Ionae
331 482 468 552 artium
489 477 700 552 liberalium
716 476 932 575 Magistro,
957 504 1024 551 suo
1041 475 1159 548 amico
1202 474 1335 566 Spero,
1366 473 1543 546 Ecclesiae
1568 491 1601 547 et
1623 478 1803 548 doctrinae
1826 478 1993 570 reliquias
2019 477 2057 544 in
2075 477 2209 547 civita-

533 582 724 653 corissimo
736 581 789 680 *).
1206 576 1300 646 tibus
1314 578 1446 668 passim·
1461 602 1643 648 mansuras
1660 603 1750 662 esse,
1769 590 1955 670 postquam
1977 574 2013 647 οἱ
2034 573 2209 650 Κένταυ-

163 693 210 784 S·
236 708 279 779 D·
330 709 386 779 Mi
407 711 582 783 carissime
608 710 775 787 mona·
834 709 1042 783 Gratissima
1071 704 1159 778 mihi
1207 673 2053 794 potdelereeasinsuis'regionibuscoeperunt..
2082 679 2210 749 Tuum

163 814 326 895 fuerunt,
349 837 438 904 quae
459 817 503 883 de
525 814 670 883 domino
688 829 912 905 praeceptore
929 814 1072 903 eiusque
1086 834 1161 879 ser·
1207 778 1368 847 hbenum
1383 803 1480 847 ”⁰¹¹⁰
1495 804 1630 848 “mum
1645 783 1755 851 sesam
1778 781 1822 849 ad
1840 776 2083 872 rl1³²¹¹¹¹A¹b¹⁸'
2136 777 2210 850 Be·

165 913 332 982 monibus
355 916 400 981 ad
424 939 479 982 me
503 915 753 1005 perscripsisti,
780 918 836 984 cui
857 915 958 983 mitto
976 936 1161 1004 papyrum,
1208 880 1354 949 nivale·
1405 878 1572 951 Dielulfi
1591 879 1628 956 7·

166 1013 280 1106 qualis
298 1014 439 1105 quidem
462 1010 529 1084 hoc
553 1028 730 1105 tempore,
757 1040 826 1107 quo
850 1014 1047 1084 istiusmodi
1069 1036 1162 1080 mer-
1721 1006 1911 1114 Philippus
1930 1009 2158 1088 Melanthon.

44 1118 53 1130 ⁴
165 1138 220 1182 ces
236 1138 316 1182 raro
332 1108 402 1182 huc
416 1114 629 1199 afferuntur,
653 1116 807 1183 inveniri
823 1111 881 1184 bic
898 1114 1031 1205 potuit,
1057 1136 1163 1204 quam

167 1228 208 1284 ut
231 1238 329 1283 cures
358 1217 404 1282 ad
433 1212 477 1284 D.
500 1214 709 1303 Magistrum
736 1216 902 1307 perferri,
938 1215 1039 1283 valde
1065 1235 1162 1301 rogo.

158 1302 212 1397 ,ln'
227 1316 373 1383 aedibus
390 1316 498 1405 patris
512 1310 605 1384 nihil
619 1331 794 1387 mutatum
812 1318 929 1401 audio,
953 1316 1018 1384 etsi
1035 1315 1072 1384 id
1089 1336 1164 1382 cer-

167 1428 204 1484 to
230 1416 410 1504 explorare
436 1430 580 1506 propter
603 1419 810 1489 brevitatem
827 1417 995 1510 temporis
1011 1440 1083 1485 non
1101 1439 1163 1504 po·
1209 1412 1276 1486 No.
1294 1411 1406 1488 5934.

168 1516 232 1586 tui.
289 1514 493 1587 Festiuabat
518 1517 613 1584 enim
643 1542 749 1609 supra
776 1522 921 1589 modum
950 1517 1162 1588 tabellarius.
1871 1583 1878 1591 ,

131 1666 135 1676 Ι
169 1613 350 1707 Inqu‘iram
374 1632 491 1687 tamen
515 1619 722 1708 diligenter,
745 1633 779 1688 et
802 1621 832 1687 si
854 1620 939 1712 quid
965 1613 1162 1708 deprehen·
1530 1615 1647 1701 Hier,
1679 1612 1878 1700 Besoldo,

168 1718 271 1799 dero,
304 1721 399 1809 quod
416 1741 477 1787 vos
493 1720 581 1789 scire
595 1744 700 1812 quam
716 1721 869 1810 primum
883 1719 1011 1810 prosit,
1038 1718 1162 1786 faciam

169 1819 265 1908 quod
280 1840 334 1885 res
353 1843 408 1886 me
424 1820 571 1902 decebit.
628 1813 727 1890 Patri
741 1822 828 1889 meis
843 1821 960 1890 verbis
974 1817 1162 1887 incolumi·
1633 1888 1636 1892 ,
2134 1884 2140 1894 .

169 1930 274 1985 tatem
290 1931 323 1986 et
337 1920 486 1989 salutem
502 1922 637 2008 optabis
653 1934 687 1990 et
702 1921 882 1990 excusabis
898 1945 970 2001 me,
997 1921 1090 2011 quod
1105 1917 1162 1985 ni·
1273 1926 1553 2024 Hieronymo
1580 1926 1784 2002 Besoldo
1820 1926 2143 2027 (Norimhergae).

168 2011 222 2086 hil
237 2018 363 2090 scribo.
413 2015 509 2087 Deus
525 2032 558 2088 te
580 2022 794 2092 incolumem
811 2024 855 2090 ad
870 2022 1053 2090 dominum
1068 2010 1164 2086 Phi-

169 2113 309 2212 lippum
326 2118 486 2200 reducet,
511 2121 573 2190 ubi
595 2122 762 2192 salutabis
784 2124 974 2212 diligenter
994 2121 1163 2210 optimam

167 2230 365 2287 matronam
387 2219 498 2310 ipsius
523 2223 727 2311 coniugem,
765 2224 823 2292 cui
845 2224 939 2293 dices
962 2220 1163 2291 cerevisiam

168 2313 283 2387 adhuc
298 2320 430 2388 salvam
448 2344 531 2403 esse,
549 2324 617 2390 nisi
635 2327 727 2414 quod
747 2325 817 2391 duo
835 2348 916 2392 vasa
929 2324 1003 2413 ipse
1019 2315 1162 2389 exhausi

168 2419 258 2496 fere,
293 2443 355 2508 pro
380 2422 509 2511 quibus
540 2423 692 2512 pretium
715 2424 847 2492 iustum
871 2423 1016 2497 solvam.
1076 2421 1163 2491 ltem

2068 1517 2200 1543 Μ

1296 1773 1382 1846 Epist.
1399 1772 1448 1831 lib.
1468 1774 1503 1826 V.
1520 1793 1549 1845 p.
1567 1773 1618 1828 221
1637 1793 1678 1846 sq.
1714 1776 1816 1846 Apogr.
1833 1775 1862 1828 in
1881 1775 1946 1830 cod.
1962 1775 2048 1848 Lang.
2069 1796 2095 1850 p.
2115 1778 2142 1832 8.

1242 2121 1251 2142 .
1278 2074 1322 2146 D.
1373 2078 1531 2147 Μοῦσαι
1545 2070 1616 2169 μὲν
1632 2073 1719 2148 deal
1734 2073 1810 2149 ἐντὶ
1815 2129 1828 2162 ,
1847 2076 1937 2151 Θεὸν
1957 2076 2044 2150 θεαὶ
2060 2076 2212 2153 ἀείδου-

1211 2196 1291 2260 σιν,
1317 2178 1435 2269 inquit
1453 2177 1569 2247 Poeta.
1621 2176 1668 2248 Et
1682 2202 1804 2246 verum
1825 2192 1892 2262 est,
1919 2181 2092 2250 divinitus
2108 2184 2212 2250 attri-

1211 2278 1333 2346 butam
1348 2300 1420 2345 esse
1435 2276 1597 2346 Musicen
1613 2277 1758 2368 Angelis
1778 2293 1813 2348 et
1835 2274 2059 2364 hominibus,
2085 2295 2127 2352 ut
2140 2282 2210 2352 Dei

1210 2377 1333 2446 laudes
1347 2379 1532 2468 praecipue
1549 2392 1660 2452 sonet.
1720 2377 1772 2447 Ac
1788 2380 1848 2447 ille
1867 2384 2009 2450 demum
2027 2407 2109 2450 vere
2124 2383 2211 2452 Mu-

156 2512 287 2609 μίμνῃ
305 2511 542 2612 Philippum,
566 2517 861 2615 Magdalmam,
882 2515 1110 2601 Iohannem,
1132 2534 1165 2588 el
1210 2476 1274 2546 sici
1296 2477 1400 2546 laude
1423 2480 1550 2565 dignus
1575 2493 1642 2564 est,
1668 2479 1730 2571 qui
1750 2480 1821 2546 vim
1845 2481 1978 2569 ingenii
2002 2485 2136 2552 confert
2162 2487 2208 2553 ad

168 2619 406 2695 omnesvobis
420 2620 609 2691 familiares
627 2620 763 2692 etmihi
781 2638 883 2693 notos
900 2618 1014 2695 isthic.
1067 2620 1164 2690 Bene
1212 2602 1293 2749 ⁸2¹ss
1308 2579 1622 2744 {¹⁵⁰m’UtD‘u'f‘
1640 2575 1845 2697 celebres).
1896 2580 1936 2649 ld
1954 2584 2053 2668 fecii,
2072 2586 2203 2700 Πῑξθῐδ,

75 2742 77 2745 -
168 2720 257 2793 vale,
306 2717 416 2790 natae
434 2720 477 2790 V.
492 2722 550 2791 die
567 2722 649 2792 [ulii
667 2720 775 2797 1547.
1280 2704 1303 2746 α
1324 2673 1463 2746 terusT
1463 2702 1642 2772 argensis,
1659 2705 1721 2773 qm
1734 2682 1777 2748 ad
1796 2694 1948 2776 caeteras
1963 2684 2079 2754 laudes
2096 2699 2202 2753 ettam

675 2854 807 2927 Pauus
825 2854 1004 2956 [uerus]
1024 2871 1114 2929 tuus·
1212 2781 2211 2977 lll'd‘lssltld‘.{l‘niil.l³.¹2⁸.{l‚333{l¹ss⁸.·u‚illiti

1212 2982 1319 3049 sacris
1336 2980 1590 3069 Congressibus
1617 2984 1776 3077 quotidie
1800 2983 1979 3068 audimus,
2001 2987 2150 3074 gratiam
2176 2988 2210 3055 ei

1213 3081 1368 3171 prolecto
1379 3078 1554 3151 Ecclesiae
1570 3086 1717 3168 debent,
1736 3099 1771 3154 et
1786 3085 2035 3171 gratitudinem
2050 3100 2209 3155 nostram

119 3234 123 3240 ,
167 3209 223 3281 No
250 3212 352 3282 3933
1039 3231 1067 3290 ,7
1094 3221 1143 3286 Iul
1213 3205 1291 3270 erga
1305 3181 1418 3250 filium
1434 3184 1660 3258 declaremus.
1710 3182 1940 3272 Nuncigitur
1960 3186 1998 3253 iu
2014 3182 2080 3255 hac
2105 3188 2210 3256 dissi·

176 3263 365 3335 *ka-⁰
625 3296 626 3301 ’
875 3353 877 3356 .
1029 3270 1165 3346 o'w'
1213 3277 2212 3372 pationeAeademiarum,cumPaterhuncIolt.Wal-

506 3397 629 3481 Lam.
656 3401 840 3486 ‚Mollem
1214 3391 1347 3467 ierunt,
1379 3383 1492 3467 filium
1515 3385 1560 3453 ad
1583 3409 1638 3454 me
1659 3385 1810 3469 miserit,
1835 3400 1875 3456 ut
1900 3411 2065 3478 quaeram
2088 3389 2123 3457 ei
2149 3403 2211 3458 aut

237 3532 314 3587 Eiet
341 3533 377 3589 tib
401 3538 427 3590 v
490 3534 565 3590 471·
630 3461 642 3484 ⁰
842 3465 892 3524 ⁶·
1213 3478 1369 3553 scholam
1392 3499 1459 3555 aut
1488 3486 1756 3576 paedagogium,
1791 3487 1901 3555 fretus
1922 3502 1956 3557 et
1974 3488 2128 3560 amicitia
2150 3503 2210 3560 tua

262 3553 278 3606 P
315 3570 323 3588 ⁸
380 3573 387 3589 ’
428 3552 479 3605 '⁹’
566 3556 594 3609 ς’
1214 3598 1249 3655 et
1262 3608 1342 3674 erga
1355 3584 1494 3655 Patrem
1514 3587 1776 3672 benevolentia,
1794 3587 1876 3655 misi
1892 3611 1973 3656 eum
1989 3593 2034 3658 ad
2050 3603 2096 3659 te.
2122 3589 2211 3682 Spe-

269 3683 543 3761 Laurentio
568 3687 627 3762 M
631 3688 785 3763 ollem
813 3690 1065 3791 (Hildesiqg),
1214 3709 1274 3768 ro,
1306 3698 1365 3755 tua
1388 3709 1455 3775 ope
1483 3687 1711 3758 inventurum
1734 3711 1807 3758 esse
1829 3683 2094 3786 notdoywyiav
2115 3693 2209 3781 apud

1213 3786 1368 3877 aliquem
1391 3787 1526 3871 civem,
1557 3789 1675 3856 autin
1698 3789 1845 3873 vicinia,
1879 3802 1940 3859 aut
1960 3786 2113 3872 †certe''
2133 3791 2219 3861 aliis·

1213 3879 1429 3955 scholasticis
1445 3887 1591 3974 adiungi
1608 3888 1748 3978 poterit,
1758 3890 1888 3982 quibus
1903 3885 2096 3981 hospitium
2111 3915 2209 3984 prae·

1212 3986 1314 4059 betis.
1376 3982 1425 4057 Et
1447 3981 1531 4056 huic
1551 3989 1764 4060 adolescenti
1786 4002 1929 4081 propter
1947 3990 2062 4060 Patris
2085 3994 2211 4063 merita

1213 4088 1381 4157 debemus
1406 4089 1564 4178 gratiam.
1617 4089 1745 4161 Totam
1766 4116 1840 4160 rem
1863 4105 1941 4160 tuae
1962 4093 2045 4161 fidei
2069 4107 2106 4163 et
2128 4117 2211 4185 pru-

1214 4189 1353 4258 dentiae
1376 4192 1597 4262 commendo.
1664 4190 1754 4259 Volo
1783 4205 1818 4261 et
1845 4186 1994 4276 Vitam,
2028 4195 2086 4262 eui
2110 4208 2209 4264 vetus

1213 4289 1367 4359 amicitia
1390 4304 1443 4360 est
1461 4315 1541 4360 cum
1566 4286 1763 4376 Waltero,
1796 4315 1935 4375 curare,
1967 4307 2006 4364 ut
2029 4295 2103 4364 filio
2128 4319 2212 4386 pro-

1213 4391 1392 4480 spiciatur.

169 3817 217 3908 S·
244 3836 288 3910 D.
339 3835 432 3907 Cum
443 3835 639 3922 Aeschines
654 3841 775 3912 laudat
791 3841 937 3912 consilia
952 3855 1165 3914 caeterarum

170 3936 363 4010 Civitatum
388 3934 573 4022 Graeciae,
606 3955 744 4034 praeter
767 3936 945 4024 Athenas,
971 3946 1068 4036 quod
1091 3968 1164 4013 non

171 4041 412 4122 dimicassent,
425 4043 612 4133 respondet
627 4036 898 4129 Demosthenes,
918 4038 1034 4132 nihilo
1049 4058 1164 4115 tanmn

172 4143 344 4213 beatiores
360 4142 439 4213 illas
451 4167 590 4236 quoque
607 4167 695 4229 esse,
708 4147 790 4235 quia
806 4159 841 4215 et
855 4143 950 4237 ipsae
965 4158 1080 4214 essent
1094 4168 1166 4214 ser-

172 4243 318 4328 viturae,
333 4257 367 4313 et
384 4244 522 4334 turpius
537 4245 744 4314 cecidissent
756 4269 862 4338 quam
871 4241 1042 4316 Athenae.
1068 4244 1166 4316 ldem

173 4367 269 4413 nunc
292 4346 418 4415 accidit
437 4343 481 4418 N.
497 4338 557 4438 ”)
578 4346 660 4439 qui,
695 4370 775 4416 cum
807 4345 973 4416 dimicare
1002 4348 1167 4430 noluerit,

173 4468 268 4514 nunc
283 4457 400 4513 tamm
414 4447 572 4537 captivus
587 4461 656 4532 est,
672 4461 706 4517 et
721 4446 893 4537 spoliatur
907 4444 1080 4517 machinis
1092 4451 1165 4518 bel·
1348 4523 1394 4540 ..
1575 4523 1583 4538 ,
1665 4521 1674 4538 ‚
1764 4522 1773 4540 ,
1842 4522 1859 4547 ῃ

173 4546 262 4615 licis.
309 4541 359 4613 Et
372 4544 529 4616 fortassis
542 4549 724 4642 aliquanto
738 4559 817 4639 post
829 4548 976 4639 accipiet
991 4550 1168 4619 conditio·
1314 4519 1449 4641 C¹V¹¹f¹³
1475 4521 1696 4640 ,fostsshwa
1728 4519 1832 4602 imm
1896 4539 2010 4641 veiim
2048 4532 2209 4622 e'‘²¹¹¹l‘10

175 4670 237 4717 nes
258 4645 436 4730 duriores,
460 4649 597 4738 prolato
620 4651 734 4720 edicto
755 4647 961 4720 Conventus
977 4646 1166 4720 Ulmensis
1214 4616 1380 4693 s⁰h⁰¹³m
1402 4635 1573 4739 'nimmia
1600 4635 1633 4690 et
1654 4616 1847 4691 Mamm
1865 4619 2067 4754 Aus'sabfl'
2078 4632 2213 4716 guber·
2260 4691 2262 4694 ·

174 4751 217 4817 de
240 4745 419 4833 religione.
483 4745 600 4818 Multo
622 4751 763 4840 gravius
788 4765 822 4822 et
845 4744 1026 4821 honestius
1050 4751 1166 4820 consi·
1213 4736 1316 4792 ⁰³¹⁰r
1338 4736 1389 4792 ‘⁸1
1413 4747 1488 4790 ⁰¹⁰³
1508 4717 1670 4796 s⁰h⁰¹³²·
1722 4720 1917 4795 A⁰⁰²s⁸¹¹¹¹l
1946 4725 2019 4817 )et
2040 4720 2210 4800 Paulum

172 4847 351 4920 lium'fuit
365 4845 588 4936 gravissimae
603 4852 757 4922 nationis
773 4848 983 4937 Saxonicae,
1009 4876 1114 4946 quam
1123 4868 1167 4931 ut
1213 4837 1373 4893 ¹¹⁰⁵m¹¹¹¹
1398 4821 1440 4891 B·
1461 4819 1506 4895 V·
1562 4821 1697 4909 H⁰die2
1730 4828 1825 4919 ΨΜ
1847 4827 1935 4954 ΜΚ
1962 4841 1996 4898 θῑ
2022 4829 2127 4901 faust·
2152 4833 2210 4914 sib

1216 5010 1436 5024 *Μ

204 5099 235 5167 *)
256 5099 294 5152 Ex
308 5119 350 5169 ep.
366 5098 432 5154 Mel.
446 5098 479 5151 ed
495 5098 587 5153 louam
601 5108 705 5171 patrem
717 5101 743 5155 d.
760 5105 799 5156 tt.
809 5102 858 5159 lul.
877 5099 1052 5175 intelligitur,
1069 5100 1164 5155 lonam
1247 5118 1275 5183 1)
1294 5114 1363 5172 cod,
1379 5115 1463 5188 ΜΒ,
1475 5127 1508 5171 „p
1525 5117 1607 5172 Dm,
1623 5120 1784 5175 ,emman

240 5167 326 5221 silium
340 5186 431 5231 mense
448 5167 518 5221 lulio
531 5185 590 5222 oon
601 5166 718 5240 amplias
729 5169 814 5227 faites
826 5171 994 5240 Northusae,
1011 5171 1061 5225 sed
1076 5168 1127 5227 iter
1135 5173 1164 5226 in
1397 5216 1405 5230 ,

239 5235 367 5308 Angliam
382 5238 608 5305 ingrestumesse.
1245 5215 1273 5286 2)
1293 5212 1374 5270 ⁸⁸⁰5·
1391 5233 1494 5279 ΨΜ·

202 5317 250 5391 stt)
268 5319 430 5387 Mummi,
450 5315 622 5389 &adgnato
637 5317 757 5377 umine,
1248 5317 1277 5389 8)
1296 5316 1365 5375 cot.
1378 5317 1465 5389 Lang.
1480 5278 1639 5380 Accersivit.
