4748 6022
51 303 131 380 tto
649 295 1084 376 EPISTOLARUM
1142 300 1248 378 LlB.
1278 301 1324 377 X.
1380 299 1512 378 1547.
2023 306 2115 411 414,

56 474 129 568 οὐχ
155 465 308 569 ἁρπάζει
326 498 381 553 τις
402 468 501 545 αὐτὰ
525 471 564 543 ἐκ
586 465 783 566 isiggerode
803 497 900 563 μου,
935 499 1003 567 qua
1021 488 1055 544 te
1109 475 1309 564 obiurgatio
1327 490 1378 544 est
1394 476 1499 566 plena
1516 474 1655 565 paterni
1667 477 1798 544 amoris
1812 500 1851 546 ac
1868 478 2014 553 doloris.
2043 478 2105 549 ln-

58 602 202 672 qnoque
220 589 405 648 sustentes.
463 573 626 645 servabit
649 576 744 643 filius
762 573 830 643 Dei
851 576 1056 647 invocantes
1072 652 1077 661 ,
1108 579 1225 666 gemui
1242 577 1379 667 legens,
1405 602 1485 646 cum
1502 577 1690 666 cogitarem
1709 578 1748 646 in
1761 572 1817 646 bis
1833 581 1984 670 publicis
1999 583 2106 652 mise—

59 683 175 773 ipsum
196 680 235 746 in
253 673 310 746 his
332 678 527 769 incendiis,
559 677 649 746 sicut
672 692 705 746 et
728 678 881 748 servavit
897 676 1057 748 Danielis
1109 680 1172 748 riis
1183 677 1252 768 filii
1262 679 1445 769 ingenium
1460 693 1495 748 et
1508 680 1829 770 eruditionem-tibi
1841 682 2016 773 voluptati
2031 706 2106 753 esse

60 782 186 865 socios,
213 794 318 872 teque
333 804 407 863 oro,
434 794 474 848 ut
491 795 571 849 vota
589 792 647 848 tua
663 805 743 848 cum
759 780 889 848 nostris
906 782 1058 849 coniun-
1111 784 1259 866 debere,
1301 796 1333 850 et
1357 796 1476 850 tamen
1503 805 1579 849 eam
1603 805 1678 851 non
1702 781 1781 851 dico
1808 785 2005 876 corrumpi,
2045 787 2105 854 sed

58 908 138 976 gas,
171 896 212 952 ut
233 878 273 977 ¹³)
309 882 403 951 Deos
429 882 623 971 posteritati
649 895 761 950 servet
780 878 990 967 Ecclesiam,
1026 897 1081 951 et-
1111 885 1249 953 turbari
1267 884 1532 976 aliquantulum
1554 907 1629 952 non
1650 884 1787 973 magnis
1809 886 1932 957 causis.
1984 884 2106 977 lpsum

61 986 247 1058 doctrinae
260 1008 362 1051 verae
379 985 501 1050 lumen
521 1007 594 1051 non
612 984 706 1052 sinat
721 984 889 1072 extingui.
939 982 997 1069 Et,
1021 998 1061 1054 ut
1111 1009 1195 1054 vero
1213 999 1247 1055 et
1260 1009 1361 1075 saepe
1376 999 1477 1054 antea
1495 987 1618 1055 monui
1634 997 1669 1054 et
1680 1009 1793 1069 nunc,
1827 1000 1884 1071 ut,
1910 988 1956 1056 ad
1972 987 2005 1056 te
2019 989 2106 1058 scri-

61 1090 156 1160 filius
171 1085 241 1155 Dei
255 1086 388 1168 oravit,
422 1100 461 1154 ut
478 1085 587 1154 simus
602 1109 713 1175 unum
730 1110 810 1154 cum
824 1085 900 1154 Deo
916 1100 1059 1156 aeterno
1111 1089 1209 1171 bens,
1236 1088 2036 1179 omniumverborumponderapraemetiatur,
2062 1113 2116 1183 ne¹

63 1206 161 1284 patre
187 1202 221 1258 et
247 1189 448 1271 internos,
493 1186 586 1255 idem
610 1210 675 1255 nos
699 1211 841 1279 quoque
868 1212 1061 1278 precemur.

63 1288 171 1383 Quod
196 1290 225 1358 si
241 1313 344 1359 curae
361 1289 484 1358 luisset
504 1284 630 1358 barum
650 1303 823 1362 terrarum
848 1293 1061 1377 gubernato-

64 1397 182 1482 ribus,
216 1394 254 1460 in
269 1387 333 1459 bas
350 1392 508 1459 miserias
525 1415 598 1458 non
621 1391 877 1464 incidissemus.
930 1392 1001 1462 Sed
1016 1395 1062 1461 il-

65 1500 136 1576 los,
161 1509 201 1564 ut
215 1495 254 1562 in
271 1493 383 1561 veteri
398 1517 499 1561 versu
510 1491 596 1561 Lini
611 1494 781 1584 scriptum
798 1509 866 1575 est,
889 1489 1061 1585 aiintdv-

66 1594 134 1692 μιά
148 1593 290 1690 ἡνιοχεῖ
302 1597 462 1692 μαργοῖς
472 1599 692 1686 χαλινοῦσιν
701 1590 752 1688 ¹⁴).
791 1593 931 1681 Quaeso
950 1599 1061 1667 donec

65 1725 128 1792 per
152 1700 287 1769 litteras
318 1697 474 1789 colloqui
501 1720 708 1788 possumus,
749 1699 793 1764 ad
821 1720 885 1765 me·
903 1699 1061 1770 scribito.

64 1801 161 1873 Bene
182 1814 216 1870 et
238 1799 409 1869 foeliciter
431 1800 519 1869 vale.
564 1796 636 1869 Ἐν
656 1803 703 1890 τῇ
726 1792 863 1890 ὑστέρᾳ
881 1801 970 1867 sacri
994 1825 1061 1869 nu-

66 1904 184 1996 ptialis
202 1902 294 1971 filiae
310 1915 391 1975 tuae
406 1896 461 1985 ¹³),
488 1902 523 1972 2.
538 1898 682 1983 Martii,
707 1897 813 1971 Anno
835 1898 944 2070 15Plh7.
959 2001 1000 2071 Μ

67 2213 328 2228 ...m-...0-
332 2213 672 2223 -a--a--m--a-n—a-
679 2213 859 2224 ηοω-..ιω
864 2216 1046 2226 -—--..—---..
1052 2216 1062 2224 a

64 2308 289 2431 naama.

75 2455 286 2488 Μ

921 2371 955 2430 3.
973 2358 1062 2425 Mart.

936 2454 1053 2476 Μ

418 2510 421 2515 ’
454 2507 490 2587 Ι.
521 2507 668 2592 Ionae.

135 2666 219 2739 Epist.
234 2666 283 2721 lib.
298 2665 333 2724 V.
352 2687 379 2738 p.
393 2667 427 2721 56
440 2685 500 2738 sqq.

383 2809 547 2901 ¹Iusto
574 2824 733 2898 Ionae.

65 2957 107 3051 S.
132 2973 178 3045 D.
231 2969 410 3042 Brenlius
427 2976 551 3044 scribit
565 2968 623 3070 *),
649 3000 729 3045 cum
748 2970 900 3043 Senatus
917 2974 954 3041 in
971 2971 1064 3043 Sali-

65 3081 123 3148 nis
139 3079 183 3146 dc
199 3100 235 3144 se
250 3076 453 3145 reducendo
470 3084 605 3165 ageret,
628 3077 850 3168 respondisse
866 3071 1063 3144 Dominum

64 3176 110 3250 de
134 3171 278 3254 Nares,
309 3175 549 3245 differendam
575 3199 649 3245 esse
677 3177 940 3258 reductionem,
979 3176 1063 3268 quia

61 3280 135 3354 hoc
151 3290 232 3367 agat
243 3268 407 3346 Carolus
423 3274 638 3369 Imperator,
664 3291 704 3346 ut
719 3277 822 3347 tollat
836 3276 981 3345 dissidia
1000 3279 1065 3344 do-

66 3382 214 3455 ctrinae.
234 3422 239 3428 ·
265 3376 384 3449 Editis
405 3379 501 3448 enim
516 3378 654 3474 Synodi
674 3379 857 3449 sententiis
872 3379 1066 3468 imperatu-

67 3508 148 3557 rum
165 3503 256 3566 esse,
281 3495 322 3550 ut
335 3505 458 3550 omnes
474 3483 655 3551 communi
673 3505 844 3551 consensu
861 3503 916 3549 eas
932 3480 1071 3571 ample-'

68 3598 219 3657 ctantur.
280 3580 355 3651 Iam
379 3583 489 3673 igitur
517 3607 592 3652 non
623 3584 866 3667 dissimulant,
908 3581 1067 3674 quaesit

68 3686 157 3758 moti
180 3685 264 3755 belli
290 3706 403 3753 causa.
457 3683 593 3761 Interea
618 3685 732 3754 nostri
754 3684 883 3770 vicini,
913 3708 1068 3776 quorum¹

55 3784 247 3879 ,Ecclesiae
268 3789 313 3856 de
340 3786 500 3856 doctrina
525 3786 713 3879 nobiscum
733 3786 912 3870 sentiunt,
945 3785 1067 3854 clami-

69 3904 166 3975 tant,
198 3903 336 3959 motum
352 3911 424 3958 esse
439 3887 574 3957 bellum
588 3902 734 3979 propter
749 3913 870 3958 causas
888 3885 1065 3958 Politicas.

69 3989 143 4063 Nec
157 3993 268 4083 pudet
282 4013 347 4059 nos
365 3984 433 4059 hoc
450 3984 628 4081 sophisma
653 3991 852 4062 defendere.
905 3985 984 4058 Etsi
1000 3990 1067 4078 igi-

69 4108 128 4167 lur
144 4115 270 4182 magno
287 4093 324 4160 in
341 4092 499 4182 periculo
518 4104 600 4161 sunt
614 4085 682 4161 bae
704 4105 824 4179 gentes
840 4105 874 4160 et
895 4085 980 4161 haec
996 4089 1066 4160 Ec-

70 4196 254 4267 dcsiarum
273 4192 425 4285 hospitia
434 4242 446 4282 ,
481 4206 616 4277 tamen,
649 4217 729 4262 cum
751 4187 837 4261 haec
853 4191 940 4260 belli
964 4215 1067 4261 causa

71 4298 135 4383 sit,
160 4306 340 4389 s'peremus
355 4292 470 4364 Deum
486 4293 591 4363 nobis
606 4295 811 4364 adfuturum
827 4317 908 4363 esse.
952 4286 1067 4381 Opta-

70 4401 141 4471 rim
159 4395 263 4469 etiam
285 4397 487 4467 confirmari
501 4397 702 4465 voluntates
722 4396 874 4475 civium,
907 4417 997 4486 quae
1012 4417 1067 4461 es-

1105 1178 1209 1282 ‘quod
1230 1191 1379 1258 verbum
1402 1189 1561 1260 effundat
1581 1189 1749 1279 asperius.
1801 1189 1855 1260 De
1873 1190 2001 1263 itinere
2018 1187 2108 1260 Gal-

1112 1293 1180 1363 lico
1196 1292 1340 1363 tandem
1360 1304 1392 1359 te
1409 1291 1620 1360 constituere
1643 1292 1842 1381 prodesset,
1868 1293 1911 1360 ad
1928 1295 2044 1384 quod,
2078 1293 2109 1361 si

1113 1385 1268 1488 ἐφόδιον
1283 1393 1466 1483 impetrari
1480 1405 1595 1484 potest
1612 1384 1787 1463 aComitc
1804 1387 1970 1477 Alberto,
1997 1408 2037 1463 ut
2051 1418 2110 1462 ar-

1114 1496 1241 1578 bitror,
1267 1506 1301 1562 et
1315 1494 1346 1561 si
1360 1495 1415 1562 vis
1430 1494 1544 1564 filium
1560 1495 1606 1563 ad
1620 1494 1718 1564 aulas
1733 1518 1952 1586 praeparare,
1975 1495 2109 1564 discere

1114 1621 1195 1666 eum
1218 1597 1376 1684 linguam
1396 1593 1574 1665 Gallicam
1589 1609 1623 1666 et
1639 1597 1755 1667 studia
1775 1612 1971 1670 exterarum
1994 1597 2111 1667 natio·

1114 1723 1201 1768 num
1222 1699 1363 1782 videre,
1397 1698 1485 1766 utile
1509 1713 1571 1769 est.
1630 1695 1761 1769 Hicin
1786 1700 1930 1790 publico
1955 1694 2109 1791 hospitio

1114 1799 1177 1870 diu
1202 1813 1461 1890 comsumptus
1481 1800 1594 1868 facere
1611 1823 1686 1868 non
1701 1781 1861 1889 prodest,
1887 1816 1929 1893 et
1949 1815 1991 1871 ut
2006 1823 2110 1869 revo-

1101 1901 1187 1975 cari
1203 1901 1331 1990 possit,
1362 1902 1575 1971 mittendum
1594 1914 1663 1987 est,
1694 1904 1790 1970 uude
1806 1902 1931 1977 solvat.
1983 1898 2110 1989 Quan-

1114 2016 1189 2071 tum
1204 2015 1321 2071 autem
1338 2002 1482 2087 debeat,
1517 2026 1558 2070 ex
1575 2002 1651 2092 ipso
1670 2002 1856 2091 intelliges.
1908 2000 2005 2071 Haec
2023 2003 2110 2071 scri-

1113 2103 1167 2194 psi
1184 2105 1281 2173 bono
1302 2115 1335 2172 et
1350 2103 1503 2195 simplici
1519 2104 1657 2188 studio,
1682 2118 1786 2196 teque
1802 2129 1885 2188 oro,
1911 2104 2019 2174 etiam
2032 2128 2110 2173 mea
2131 2135 2133 2138 ⁴
2175 2171 2179 2177 .

1114 2228 1236 2290 causa,
1269 2217 1310 2274 ut
1323 2205 1386 2274 tali
1409 2206 1609 2296 praeditum
1629 2206 1774 2294 ingenio
1791 2207 1904 2275 filium
1921 2230 1996 2275 non
2011 2207 2111 2275 dese-

1114 2329 1182 2375 ras.
1234 2305 1333 2375 Bene
1351 2307 1438 2376 vale.
1490 2307 1557 2377 Die
1582 2307 1617 2376 8.
1634 2305 1768 2380 Martii.

1616 2403 1807 2501 Philippus
1829 2404 2059 2479 Melanthon.

1114 2778 1181 2851 No.
1201 2777 1316 2852 3758.

1123 2874 1295 2902 m
1329 2912 1332 2916 .

1976 2793 2007 2853 8.
2022 2783 2112 2849 Mart.

1980 2873 2117 2899 Μ

1497 2943 1547 3031 Ρ.
1576 2943 1731 3029 Ebora.

1184 3076 1281 3190 ursaia
1300 3107 1400 3177 ama.
1419 3106 1525 3230 psas.
1550 3105 1664 3176 spino.
1684 3105 1735 3163 aa.
1749 3104 1796 3188 ιιι.
1815 3126 1842 3179 ρ.
1856 3106 1917 3162 sos.
1943 3108 1998 3175 (aa.
2019 3109 2111 3164 cona.

1218 3177 1264 3232 ab.
1278 3175 1326 3230 tlt.
1344 3195 1387 3246 ep.
1404 3181 1417 3230 1
1439 3177 1488 3246 1.).
1505 3208 1540 3220 -
1576 3174 1762 3249 Apograpbon
1779 3195 1807 3230 ro
1827 3177 1889 3231 cod.
1903 3175 1985 3232 Goth.
1999 3180 2060 3233 401.

1438 3326 1593 3404 Paulo
1622 3329 1786 3410 Ebero.
1829 3335 1833 3342 ⁴

1115 3448 1199 3539 Etsi
1222 3469 1261 3535 in
1287 3479 1384 3536 tanta
1408 3468 1615 3537 confusione
1639 3468 1736 3537 orbis
1758 3481 1933 3537 terrarum
1957 3470 2113 3561 optanda

1115 3594 1211 3640 mors
1226 3571 1367 3637 videtur
1381 3563 1424 3661 ¹):
1459 3583 1578 3638 tamen
1602 3594 1683 3638 eum
1703 3570 1743 3638 iu
1759 3566 1917 3639 Ecclesia
1930 3565 1998 3637 Dei
2013 3563 2113 3638 viva-

1117 3696 1213 3757 mus,
1244 3693 1320 3740 non
1339 3671 1439 3738 decet
1461 3694 1527 3740 nos
1548 3673 1677 3743 fractos
1702 3684 1799 3740 metu
1821 3667 2114 3767 ἀποκαρτεροῠν.

1116 3773 1166 3847 Ut
1182 3774 1291 3864 igitur
1311 3795 1367 3840 me
1389 3772 1491 3842 iubes
1509 3797 1632 3843 curare
1649 3772 1910 3857 valetudinem,
1942 3773 1992 3841 ita
2007 3772 2113 3843 vicis-
2154 3778 2159 3801 “

1116 3875 1183 3945 sim
1203 3890 1238 3944 te
1259 3869 1449 3958 adhortor,
1479 3887 1520 3943 ut
1543 3888 1673 3968 quanta
1691 3867 1721 3967 ²)
1746 3873 1932 3964 diligentia
1956 3868 2113 3944 humana
2156 3887 2161 3896 “

1117 3979 1206 4047 effici
1222 3989 1356 4068 potest,
1384 3991 1504 4046 tueare
1520 3975 1594 4065 ipse
1609 3989 1704 4045 tuam
1721 3976 1979 4046 valetudinem:
2010 3989 2114 4067 teque

1118 4093 1152 4150 et
1168 4077 1344 4149 Ecclesiae
1359 4076 1540 4146 communi
1561 4091 1592 4147 et
1610 4078 1821 4149 domesticae
1837 4099 1963 4148 serves.
2015 4071 2114 4144 Mihi

1117 4179 1349 4273 temperantia
1380 4175 1583 4269 uniusldiei
1611 4180 1762 4272 profuit:
1805 4204 1843 4249 ac
1877 4172 2130 4247 Platonicum·

1117 4282 1207 4350 illud
1234 4304 1380 4372 sequor,
1416 4282 1510 4373 quod
1534 4281 1617 4375 quia
1638 4282 1706 4353 tibi
1723 4304 1864 4375 quoque
1885 4280 2114 4371 profuturum
2228 4284 2232 4289 '

1118 4405 1190 4452 esse
1219 4382 1357 4466 iudico,
1401 4382 1615 4453 adscribam:
1668 4379 1738 4454 Διὸ
1769 4375 2026 4479 παιδαγωγεῖν
2057 4375 2117 4452 δεῖ

70 4489 150 4575 sent
167 4502 360 4585 firmiores,
386 4499 416 4568 si
430 4496 616 4590 Principes
632 4498 795 4567 viderent
811 4495 993 4568 communi
1011 4519 1068 4564 sa·
1117 4477 1276 4564 διαίταις
1291 4476 1415 4557 πάντα
1430 4478 1648 4557 τὰτοιαῦτα
1662 4480 1751 4556 καθ’
1768 4479 1859 4556 ὅσον
1875 4479 1924 4555 ἂν
1947 4475 2112 4576 ᾖσχολὴ,

70 4605 140 4677 luti
155 4604 286 4696 potius,
310 4626 416 4694 quam
433 4601 778 4693 privataepotentiae
795 4589 988 4670 consulere.
1014 4594 1068 4666 De
1118 4581 1212 4659 oillei
1239 4581 1286 4658 οὒ
1306 4579 1619 4683 φαρμακεύοντας
1640 4581 1759 4658 κακὸν
1783 4578 1969 4657 δύσκολον
1992 4583 2114 4681 ἐρεθι-

70 4700 129 4777 his
151 4707 257 4776 rebus
277 4705 377 4773 brevi
402 4727 519 4772 coram
539 4717 655 4772 tecum
676 4703 877 4795 colloquar,
909 4700 979 4768 nisi
1001 4700 1069 4770 iter
1119 4686 1227 4761 0τὲον
1244 4685 1285 4782 ³)·
1555 4786 1561 4802 .
1607 4785 1614 4803 ι
1858 4752 1867 4764 .

70 4832 191 4901 meum
208 4829 335 4895 magna
352 4806 469 4898 aliqua
495 4828 596 4873 eausa
621 4805 803 4896 impediat,
854 4802 1070 4873 Nuncvale-
1220 4789 1328 4860 Mitto
1347 4782 1842 4879 ilbiloaclllmlEpislolam,
1865 4813 1906 4857 ex
1922 4813 1992 4882 qua
2009 4788 2123 4858 inici-¹

71 4911 197 4983 tudine
218 4909 310 4978 filiae
331 4902 497 4976 Sabinos
520 4907 686 4978 retineor.
755 4901 928 4975 Ostendit
952 4917 1069 4988 autem
1119 4891 1632 4982 lig⁰i¹1⁰0l¹1¹¹¹0¹ssperttflssf⁸⁵⁰
1651 4892 1688 4959 51¹
1704 4893 1829 4961 urbem
1845 4886 1990 4971 leram,
2017 4893 2113 4983 quod

69 5008 160 5082 mihi
175 5013 270 5080 filius
287 5025 370 5080 tuus
390 5009 586 5101 proximam
602 5022 698 5077 tuam
716 5008 915 5098 epistolam,
940 5007 979 5074 in
1000 5031 1069 5101 qua
1119 4995 1266 5084 gatldffl·
1319 4990 1414 5062 Illud
1438 4987 1792 5090 νθΐθδῡῦχέρᾱῖνωι
1837 4996 2029 5087 1111οἆ611ῐῦ
2049 5017 2114 5061 ¹¹0⁰

106 5238 149 5310 18)
168 5237 240 5293 cod.
253 5238 338 5309 Lang.
354 5246 382 5290 et
396 5247 434 5291 ut.

105 5324 153 5394 14)
172 5323 343 5393 Cod.¹1.aog.
356 5320 492 5394 μάργοισι
502 5322 640 5390 polluere.

103 5410 148 5480 1⁵)
168 5411 200 5465 lv
217 5410 249 5485 τῇ
264 5441 302 5485 -
313 5411 392 5476 tuoe]
409 5410 437 5461 in
452 5407 516 5464 cod.
533 5406 624 5464 Zeltn.
643 5424 700 5458 non
719 5405 854 5479 leguntur.
921 5468 927 5475 ,

105 5496 139 5569 ¹l)
160 5497 232 5552 eott.
248 5495 327 5569 epist.
342 5496 367 5549 d.
381 5494 429 5550 24..
439 5493 522 5548 Febr.
533 5492 559 5550 b.
574 5511 599 5547 a.
615 5490 723 5562 scripta.

1155 5234 1182 5300 1)
1200 5230 1288 5284 Manl.
1303 5231 1458 5285 videretur.

1151 5339 1181 5401 2)
1200 5335 1269 5391 cod.
1285 5333 1368 5389 Goth.
1382 5337 1443 5388 tot.
1458 5343 1605 5403 quantum.
1645 5354 1649 5361 ·

1152 5424 1179 5492 8)
1197 5419 1284 5476 Manl.
1293 5420 1424 5503 mendose
1432 5422 1522 5475 naida
1534 5426 1668 5495 κορεῖν-
1679 5419 1832 5494 φάρμακον
1846 5417 1903 5488 τὰς,
1915 5427 1941 5472 et
1955 5416 2116 5487 ἐρεθισιέαν

1188 5500 1390 5562 praetermittat.
1925 5508 1928 5513 ¹
