<?xml version="1.0" encoding="UTF-8"?>
<!DOCTYPE html PUBLIC "-//W3C//DTD XHTML 1.0 Transitional//EN"
    "http://www.w3.org/TR/xhtml1/DTD/xhtml1-transitional.dtd">
<html xmlns="http://www.w3.org/1999/xhtml" xml:lang="en" lang="en">
 <head>
  <title>
</title>
<meta http-equiv="Content-Type" content="text/html;charset=utf-8" />
  <meta name='ocr-system' content='tesseract 3.04.00' />
  <meta name='ocr-capabilities' content='ocr_page ocr_carea ocr_par ocr_line ocrx_word'/>
</head>
<body>
  <div class='ocr_page' id='page_1' title='image "./philippimelanth15melagoog/philippimelanth15melagoog_0372.png"; bbox 0 0 4748 6022; ppageno 0'>
   <div class='ocr_carea' id='block_1_1' title="bbox 110 377 188 455">
    <p class='ocr_par' dir='ltr' id='par_1_1' title="bbox 110 377 188 455">
     <span class='ocr_line' id='line_1_1' title="bbox 110 377 188 455; baseline -0.09 1"><span class='ocrx_word' id='word_1_1' title='bbox 110 377 188 455; x_wconf 73' lang='lat' dir='ltr'>sot</span> 
     </span>
    </p>
   </div>
   <div class='ocr_carea' id='block_1_2' title="bbox 15 535 1097 5260">
    <p class='ocr_par' dir='ltr' id='par_1_2' title="bbox 15 535 1097 5260">
     <span class='ocr_line' id='line_1_2' title="bbox 100 535 1097 632; baseline -0.023 -7"><span class='ocrx_word' id='word_1_2' title='bbox 100 539 267 625; x_wconf 70' lang='lat' dir='ltr'>tuitionis</span> <span class='ocrx_word' id='word_1_3' title='bbox 286 537 506 615; x_wconf 68' lang='lat' dir='ltr'><strong>sanationem</strong></span> <span class='ocrx_word' id='word_1_4' title='bbox 527 556 762 632; x_wconf 72' lang='lat' dir='ltr'><strong>exposcamus.</strong></span> <span class='ocrx_word' id='word_1_5' title='bbox 818 535 935 606; x_wconf 84' lang='lat' dir='ltr'>Facile</span> <span class='ocrx_word' id='word_1_6' title='bbox 955 553 1097 626; x_wconf 86' lang='lat' dir='ltr'>possum</span> 
     </span>
     <span class='ocr_line' id='line_1_3' title="bbox 110 636 1096 736; baseline -0.017 -18"><span class='ocrx_word' id='word_1_7' title='bbox 110 650 232 718; x_wconf 82' lang='lat' dir='ltr'>animo</span> <span class='ocrx_word' id='word_1_8' title='bbox 253 646 460 736; x_wconf 70' lang='lat' dir='ltr'><strong>concipere,</strong></span> <span class='ocrx_word' id='word_1_9' title='bbox 483 664 572 734; x_wconf 87' lang='lat' dir='ltr'>quae</span> <span class='ocrx_word' id='word_1_10' title='bbox 594 664 656 709; x_wconf 87' lang='lat' dir='ltr'>vos</span> <span class='ocrx_word' id='word_1_11' title='bbox 674 636 833 707; x_wconf 77' lang='lat' dir='ltr'>miseriae</span> <span class='ocrx_word' id='word_1_12' title='bbox 849 648 1031 728; x_wconf 83' lang='lat' dir='ltr'>premant,</span> <span class='ocrx_word' id='word_1_13' title='bbox 1056 658 1096 702; x_wconf 88' lang='lat' dir='ltr'>ex</span> 
     </span>
     <span class='ocr_line' id='line_1_4' title="bbox 110 734 1096 840; baseline -0.017 -22"><span class='ocrx_word' id='word_1_14' title='bbox 110 749 157 818; x_wconf 90' lang='lat' dir='ltr'>iis</span> <span class='ocrx_word' id='word_1_15' title='bbox 171 749 275 840; x_wconf 89' lang='lat' dir='ltr'>ipsis,</span> <span class='ocrx_word' id='word_1_16' title='bbox 307 770 396 840; x_wconf 92' lang='lat' dir='ltr'>quae</span> <span class='ocrx_word' id='word_1_17' title='bbox 411 768 476 814; x_wconf 90' lang='lat' dir='ltr'>nos</span> <span class='ocrx_word' id='word_1_18' title='bbox 492 740 549 811; x_wconf 89' lang='lat' dir='ltr'>bic</span> <span class='ocrx_word' id='word_1_19' title='bbox 564 740 718 832; x_wconf 85' lang='lat' dir='ltr'>perpessi</span> <span class='ocrx_word' id='word_1_20' title='bbox 733 763 865 809; x_wconf 89' lang='lat' dir='ltr'>sumus.</span> <span class='ocrx_word' id='word_1_21' title='bbox 917 736 988 807; x_wconf 86' lang='lat' dir='ltr'>Sed</span> <span class='ocrx_word' id='word_1_22' title='bbox 1003 734 1096 821; x_wconf 82' lang='lat' dir='ltr'>cogi-</span> 
     </span>
     <span class='ocr_line' id='line_1_5' title="bbox 110 830 1097 934; baseline -0.019 -12"><span class='ocrx_word' id='word_1_23' title='bbox 110 863 225 922; x_wconf 88' lang='lat' dir='ltr'>temus</span> <span class='ocrx_word' id='word_1_24' title='bbox 247 848 357 927; x_wconf 90' lang='lat' dir='ltr'>illud,</span> <span class='ocrx_word' id='word_1_25' title='bbox 389 836 427 913; x_wconf 87' lang='lat' dir='ltr'>in</span> <span class='ocrx_word' id='word_1_26' title='bbox 450 845 584 912; x_wconf 87' lang='lat' dir='ltr'>mundo</span> <span class='ocrx_word' id='word_1_27' title='bbox 604 836 757 934; x_wconf 78' lang='grc' dir='ltr'>θλίψιν,-</span> <span class='ocrx_word' id='word_1_28' title='bbox 790 838 1009 928; x_wconf 87' lang='lat' dir='ltr'>praedictum</span> <span class='ocrx_word' id='word_1_29' title='bbox 1028 830 1097 904; x_wconf 82' lang='lat' dir='ltr'>Ec-</span> 
     </span>
     <span class='ocr_line' id='line_1_6' title="bbox 109 934 1097 1029; baseline -0.019 -9"><span class='ocrx_word' id='word_1_30' title='bbox 109 950 251 1029; x_wconf 76' lang='lat' dir='ltr'>clasiae,</span> <span class='ocrx_word' id='word_1_31' title='bbox 282 960 322 1017; x_wconf 92' lang='lat' dir='ltr'>ut</span> <span class='ocrx_word' id='word_1_32' title='bbox 344 948 387 1014; x_wconf 83' lang='lat' dir='ltr'>ad</span> <span class='ocrx_word' id='word_1_33' title='bbox 411 968 450 1013; x_wconf 91' lang='lat' dir='ltr'>ea</span> <span class='ocrx_word' id='word_1_34' title='bbox 472 943 615 1011; x_wconf 85' lang='lat' dir='ltr'>ferenda</span> <span class='ocrx_word' id='word_1_35' title='bbox 631 934 939 1020; x_wconf 86' lang='lat' dir='ltr'>instructissimus,</span> <span class='ocrx_word' id='word_1_36' title='bbox 963 950 997 1006; x_wconf 87' lang='lat' dir='ltr'>et</span> <span class='ocrx_word' id='word_1_37' title='bbox 1010 960 1097 1005; x_wconf 89' lang='lat' dir='ltr'>con·</span> 
     </span>
     <span class='ocr_line' id='line_1_7' title="bbox 107 1034 1096 1131; baseline -0.018 -10"><span class='ocrx_word' id='word_1_38' title='bbox 107 1050 314 1121; x_wconf 74' lang='lat' dir='ltr'>solationem</span> <span class='ocrx_word' id='word_1_39' title='bbox 338 1068 379 1113; x_wconf 83' lang='lat' dir='ltr'>ex</span> <span class='ocrx_word' id='word_1_40' title='bbox 403 1044 494 1112; x_wconf 89' lang='lat' dir='ltr'>veris</span> <span class='ocrx_word' id='word_1_41' title='bbox 517 1034 675 1111; x_wconf 82' lang='lat' dir='ltr'>lontibus</span> <span class='ocrx_word' id='word_1_42' title='bbox 693 1056 851 1131; x_wconf 86' lang='lat' dir='ltr'>petamus</span> <span class='ocrx_word' id='word_1_43' title='bbox 873 1064 892 1107; x_wconf 92' lang='lat' dir='ltr'>a</span> <span class='ocrx_word' id='word_1_44' title='bbox 911 1036 1096 1108; x_wconf 87' lang='lat' dir='ltr'>Servatore</span> 
     </span>
     <span class='ocr_line' id='line_1_8' title="bbox 107 1133 1096 1228; baseline -0.016 -7"><span class='ocrx_word' id='word_1_45' title='bbox 107 1164 230 1221; x_wconf 89' lang='lat' dir='ltr'>nostro</span> <span class='ocrx_word' id='word_1_46' title='bbox 242 1143 406 1228; x_wconf 86' lang='lat' dir='ltr'>Christo,</span> <span class='ocrx_word' id='word_1_47' title='bbox 439 1144 596 1213; x_wconf 85' lang='lat' dir='ltr'>sinamus</span> <span class='ocrx_word' id='word_1_48' title='bbox 617 1133 758 1209; x_wconf 89' lang='lat' dir='ltr'>interim</span> <span class='ocrx_word' id='word_1_49' title='bbox 774 1136 948 1209; x_wconf 87' lang='lat' dir='ltr'>mundum</span> <span class='ocrx_word' id='word_1_50' title='bbox 969 1138 1096 1219; x_wconf 72' lang='lat' dir='ltr'>fratcre,</span> 
     </span>
     <span class='ocr_line' id='line_1_9' title="bbox 107 1236 1095 1334; baseline -0.017 -13"><span class='ocrx_word' id='word_1_51' title='bbox 107 1273 227 1334; x_wconf 88' lang='lat' dir='ltr'>ruere,</span> <span class='ocrx_word' id='word_1_52' title='bbox 261 1261 296 1316; x_wconf 87' lang='lat' dir='ltr'>et</span> <span class='ocrx_word' id='word_1_53' title='bbox 318 1244 437 1315; x_wconf 87' lang='lat' dir='ltr'>omnia</span> <span class='ocrx_word' id='word_1_54' title='bbox 460 1242 598 1311; x_wconf 79' lang='lat' dir='ltr'><strong>misceri</strong></span> <span class='ocrx_word' id='word_1_55' title='bbox 621 1237 855 1311; x_wconf 81' lang='lat' dir='ltr'>horribilibus</span> <span class='ocrx_word' id='word_1_56' title='bbox 876 1236 1095 1309; x_wconf 72' lang='lat' dir='ltr'>confusioni-</span> 
     </span>
     <span class='ocr_line' id='line_1_10' title="bbox 106 1337 1096 1435; baseline -0.011 -19"><span class='ocrx_word' id='word_1_57' title='bbox 106 1342 185 1423; x_wconf 77' lang='lat' dir='ltr'>bus.</span> <span class='ocrx_word' id='word_1_58' title='bbox 250 1346 347 1435; x_wconf 86' lang='lat' dir='ltr'>Quid</span> <span class='ocrx_word' id='word_1_59' title='bbox 370 1344 463 1413; x_wconf 89' lang='lat' dir='ltr'>enim</span> <span class='ocrx_word' id='word_1_60' title='bbox 483 1345 526 1412; x_wconf 86' lang='lat' dir='ltr'>ad</span> <span class='ocrx_word' id='word_1_61' title='bbox 550 1365 635 1428; x_wconf 90' lang='lat' dir='ltr'>nos,</span> <span class='ocrx_word' id='word_1_62' title='bbox 668 1342 753 1434; x_wconf 91' lang='lat' dir='ltr'>quid</span> <span class='ocrx_word' id='word_1_63' title='bbox 780 1342 839 1410; x_wconf 90' lang='lat' dir='ltr'>liat</span> <span class='ocrx_word' id='word_1_64' title='bbox 861 1342 905 1410; x_wconf 89' lang='lat' dir='ltr'>de</span> <span class='ocrx_word' id='word_1_65' title='bbox 926 1337 1096 1431; x_wconf 79' lang='lat' dir='ltr'>impetus,</span> 
     </span>
     <span class='ocr_line' id='line_1_11' title="bbox 105 1439 1095 1544; baseline -0.013 -25"><span class='ocrx_word' id='word_1_66' title='bbox 105 1472 196 1544; x_wconf 89' lang='lat' dir='ltr'>quae</span> <span class='ocrx_word' id='word_1_67' title='bbox 220 1448 381 1516; x_wconf 87' lang='lat' dir='ltr'>videmus</span> <span class='ocrx_word' id='word_1_68' title='bbox 394 1466 539 1535; x_wconf 89' lang='lat' dir='ltr'>prorsus</span> <span class='ocrx_word' id='word_1_69' title='bbox 552 1466 689 1533; x_wconf 78' lang='lat' dir='ltr'>pessum</span> <span class='ocrx_word' id='word_1_70' title='bbox 704 1442 778 1511; x_wconf 83' lang='lat' dir='ltr'>ire?</span> <span class='ocrx_word' id='word_1_71' title='bbox 807 1454 842 1510; x_wconf 92' lang='lat' dir='ltr'>et</span> <span class='ocrx_word' id='word_1_72' title='bbox 853 1440 883 1509; x_wconf 89' lang='lat' dir='ltr'>si</span> <span class='ocrx_word' id='word_1_73' title='bbox 898 1439 994 1509; x_wconf 86' lang='lat' dir='ltr'>Deus</span> <span class='ocrx_word' id='word_1_74' title='bbox 1009 1463 1095 1507; x_wconf 91' lang='lat' dir='ltr'>con-</span> 
     </span>
     <span class='ocr_line' id='line_1_12' title="bbox 105 1536 1095 1635; baseline -0.013 -16"><span class='ocrx_word' id='word_1_75' title='bbox 105 1560 306 1620; x_wconf 74' lang='lat' dir='ltr'>servaturus</span> <span class='ocrx_word' id='word_1_76' title='bbox 329 1558 397 1623; x_wconf 87' lang='lat' dir='ltr'>cst,</span> <span class='ocrx_word' id='word_1_77' title='bbox 426 1557 467 1612; x_wconf 90' lang='lat' dir='ltr'>ut</span> <span class='ocrx_word' id='word_1_78' title='bbox 487 1566 684 1633; x_wconf 88' lang='lat' dir='ltr'>speramus,</span> <span class='ocrx_word' id='word_1_79' title='bbox 717 1543 872 1635; x_wconf 78' lang='lat' dir='ltr'>aliquam</span> <span class='ocrx_word' id='word_1_80' title='bbox 889 1536 1095 1622; x_wconf 84' lang='lat' dir='ltr'>Ecclesiam,</span> 
     </span>
     <span class='ocr_line' id='line_1_13' title="bbox 23 1642 1094 1739; baseline -0.012 -18"><span class='ocrx_word' id='word_1_81' title='bbox 23 1730 26 1739; x_wconf 30' lang='lat'>¹</span> <span class='ocrx_word' id='word_1_82' title='bbox 102 1648 331 1721; x_wconf 87' lang='lat' dir='ltr'>subiiciamus</span> <span class='ocrx_word' id='word_1_83' title='bbox 347 1646 450 1714; x_wconf 87' lang='lat' dir='ltr'>nobis</span> <span class='ocrx_word' id='word_1_84' title='bbox 466 1645 569 1712; x_wconf 88' lang='lat' dir='ltr'>talem</span> <span class='ocrx_word' id='word_1_85' title='bbox 587 1657 727 1723; x_wconf 88' lang='lat' dir='ltr'>statum,</span> <span class='ocrx_word' id='word_1_86' title='bbox 752 1642 868 1735; x_wconf 89' lang='lat' dir='ltr'>qualis</span> <span class='ocrx_word' id='word_1_87' title='bbox 882 1642 950 1711; x_wconf 84' lang='lat' dir='ltr'>suit</span> <span class='ocrx_word' id='word_1_88' title='bbox 962 1653 1094 1709; x_wconf 90' lang='lat' dir='ltr'>vastata</span> 
     </span>
     <span class='ocr_line' id='line_1_14' title="bbox 103 1741 1094 1840; baseline -0.011 -21"><span class='ocrx_word' id='word_1_89' title='bbox 103 1748 319 1840; x_wconf 78' lang='lat' dir='ltr'>ierosolyma</span> <span class='ocrx_word' id='word_1_90' title='bbox 343 1759 377 1816; x_wconf 91' lang='lat' dir='ltr'>et</span> <span class='ocrx_word' id='word_1_91' title='bbox 390 1745 551 1814; x_wconf 89' lang='lat' dir='ltr'>exulante</span> <span class='ocrx_word' id='word_1_92' title='bbox 567 1745 717 1835; x_wconf 86' lang='lat' dir='ltr'>populo,</span> <span class='ocrx_word' id='word_1_93' title='bbox 745 1767 784 1812; x_wconf 86' lang='lat' dir='ltr'>ac</span> <span class='ocrx_word' id='word_1_94' title='bbox 798 1743 918 1833; x_wconf 79' lang='lat' dir='ltr'>paucis</span> <span class='ocrx_word' id='word_1_95' title='bbox 935 1741 1094 1832; x_wconf 89' lang='lat' dir='ltr'>reliquiis</span> 
     </span>
     <span class='ocr_line' id='line_1_15' title="bbox 104 1842 1094 1937; baseline -0.012 -16"><span class='ocrx_word' id='word_1_96' title='bbox 104 1848 236 1921; x_wconf 87' lang='lat' dir='ltr'>relictis</span> <span class='ocrx_word' id='word_1_97' title='bbox 259 1847 297 1913; x_wconf 89' lang='lat' dir='ltr'>in</span> <span class='ocrx_word' id='word_1_98' title='bbox 320 1845 449 1937; x_wconf 66' lang='lat' dir='ltr'>patria,</span> <span class='ocrx_word' id='word_1_99' title='bbox 482 1847 629 1914; x_wconf 83' lang='lat' dir='ltr'>fortasse</span> <span class='ocrx_word' id='word_1_100' title='bbox 652 1844 748 1912; x_wconf 88' lang='lat' dir='ltr'>enim</span> <span class='ocrx_word' id='word_1_101' title='bbox 772 1856 807 1912; x_wconf 87' lang='lat' dir='ltr'>et</span> <span class='ocrx_word' id='word_1_102' title='bbox 831 1844 935 1911; x_wconf 90' lang='lat' dir='ltr'>nobis</span> <span class='ocrx_word' id='word_1_103' title='bbox 958 1842 1094 1910; x_wconf 85' lang='lat' dir='ltr'>eveniet</span> 
     </span>
     <span class='ocr_line' id='line_1_16' title="bbox 105 1940 1094 2043; baseline -0.01 -24"><span class='ocrx_word' id='word_1_104' title='bbox 105 1950 202 2043; x_wconf 89' lang='lat' dir='ltr'>quod</span> <span class='ocrx_word' id='word_1_105' title='bbox 226 1947 315 2016; x_wconf 81' lang='lat' dir='ltr'>dixit</span> <span class='ocrx_word' id='word_1_106' title='bbox 339 1940 526 2037; x_wconf 87' lang='lat' dir='ltr'>propbeta:</span> <span class='ocrx_word' id='word_1_107' title='bbox 557 1941 736 2039; x_wconf 81' lang='lat' dir='ltr'>reliquum</span> <span class='ocrx_word' id='word_1_108' title='bbox 751 1942 899 2040; x_wconf 77' lang='lat' dir='ltr'>sociam</span> <span class='ocrx_word' id='word_1_109' title='bbox 921 1940 962 2010; x_wconf 84' lang='lat' dir='ltr'>in</span> <span class='ocrx_word' id='word_1_110' title='bbox 984 1949 1015 2009; x_wconf 88' lang='lat' dir='ltr'>te</span> <span class='ocrx_word' id='word_1_111' title='bbox 1028 1963 1094 2034; x_wconf 89' lang='lat' dir='ltr'>po-</span> 
     </span>
     <span class='ocr_line' id='line_1_17' title="bbox 101 2040 1094 2148; baseline -0.008 -31"><span class='ocrx_word' id='word_1_112' title='bbox 101 2045 231 2148; x_wconf 89' lang='lat' dir='ltr'>pulum</span> <span class='ocrx_word' id='word_1_113' title='bbox 255 2069 448 2142; x_wconf 79' lang='lat' dir='ltr'>pauperem</span> <span class='ocrx_word' id='word_1_114' title='bbox 474 2053 505 2113; x_wconf 82' lang='lat' dir='ltr'>el</span> <span class='ocrx_word' id='word_1_115' title='bbox 523 2041 683 2141; x_wconf 83' lang='lat' dir='ltr'>inopem,</span> <span class='ocrx_word' id='word_1_116' title='bbox 707 2051 774 2113; x_wconf 88' lang='lat' dir='ltr'>ets</span> <span class='ocrx_word' id='word_1_117' title='bbox 800 2041 955 2112; x_wconf 77' lang='lat' dir='ltr'>erubunt</span> <span class='ocrx_word' id='word_1_118' title='bbox 972 2040 1011 2111; x_wconf 85' lang='lat' dir='ltr'>in</span> <span class='ocrx_word' id='word_1_119' title='bbox 1028 2062 1094 2109; x_wconf 57' lang='lat' dir='ltr'>noa</span> 
     </span>
     <span class='ocr_line' id='line_1_18' title="bbox 103 2067 1092 2234; baseline -0.01 -16"><span class='ocrx_word' id='word_1_120' title='bbox 103 2150 200 2219; x_wconf 79' lang='lat' dir='ltr'>mirre</span> <span class='ocrx_word' id='word_1_121' title='bbox 221 2143 381 2229; x_wconf 81' lang='lat' dir='ltr'>donrini,</span> <span class='ocrx_word' id='word_1_122' title='bbox 406 2146 570 2214; x_wconf 84' lang='lat' dir='ltr'>videlicet</span> <span class='ocrx_word' id='word_1_123' title='bbox 589 2146 748 2215; x_wconf 89' lang='lat' dir='ltr'>destituti</span> <span class='ocrx_word' id='word_1_124' title='bbox 772 2067 938 2215; x_wconf 66' lang='lat' dir='ltr'>bumauis</span> <span class='ocrx_word' id='word_1_125' title='bbox 961 2142 1092 2234; x_wconf 87' lang='lat' dir='ltr'>praesi-</span> 
     </span>
     <span class='ocr_line' id='line_1_19' title="bbox 102 2239 1093 2337; baseline -0.013 -16"><span class='ocrx_word' id='word_1_126' title='bbox 102 2250 172 2321; x_wconf 87' lang='lat' dir='ltr'>diis</span> <span class='ocrx_word' id='word_1_127' title='bbox 195 2263 229 2318; x_wconf 90' lang='lat' dir='ltr'>et</span> <span class='ocrx_word' id='word_1_128' title='bbox 250 2248 462 2317; x_wconf 79' lang='lat' dir='ltr'>defensione.</span> <span class='ocrx_word' id='word_1_129' title='bbox 514 2243 586 2313; x_wconf 89' lang='lat' dir='ltr'>Nos</span> <span class='ocrx_word' id='word_1_130' title='bbox 603 2242 659 2314; x_wconf 90' lang='lat' dir='ltr'>bic</span> <span class='ocrx_word' id='word_1_131' title='bbox 675 2268 716 2314; x_wconf 87' lang='lat' dir='ltr'>eo</span> <span class='ocrx_word' id='word_1_132' title='bbox 734 2247 900 2329; x_wconf 89' lang='lat' dir='ltr'>maxime,</span> <span class='ocrx_word' id='word_1_133' title='bbox 927 2245 1008 2337; x_wconf 91' lang='lat' dir='ltr'>quia</span> <span class='ocrx_word' id='word_1_134' title='bbox 1028 2239 1093 2310; x_wconf 90' lang='lat' dir='ltr'>bo-</span> 
     </span>
     <span class='ocr_line' id='line_1_20' title="bbox 101 2340 1093 2435; baseline -0.011 -14"><span class='ocrx_word' id='word_1_135' title='bbox 101 2364 200 2421; x_wconf 87' lang='lat' dir='ltr'>neste</span> <span class='ocrx_word' id='word_1_136' title='bbox 223 2342 308 2419; x_wconf 88' lang='lat' dir='ltr'>baec</span> <span class='ocrx_word' id='word_1_137' title='bbox 323 2344 479 2417; x_wconf 76' lang='lat' dir='ltr'>Ecclesia</span> <span class='ocrx_word' id='word_1_138' title='bbox 495 2345 607 2413; x_wconf 87' lang='lat' dir='ltr'>deseri</span> <span class='ocrx_word' id='word_1_139' title='bbox 623 2370 697 2413; x_wconf 92' lang='lat' dir='ltr'>non</span> <span class='ocrx_word' id='word_1_140' title='bbox 715 2347 849 2435; x_wconf 89' lang='lat' dir='ltr'>potuit,</span> <span class='ocrx_word' id='word_1_141' title='bbox 877 2340 936 2414; x_wconf 91' lang='lat' dir='ltr'>hic</span> <span class='ocrx_word' id='word_1_142' title='bbox 955 2366 1093 2412; x_wconf 89' lang='lat' dir='ltr'>reman-</span> 
     </span>
     <span class='ocr_line' id='line_1_21' title="bbox 103 2445 1093 2537; baseline -0.01 -18"><span class='ocrx_word' id='word_1_143' title='bbox 103 2452 232 2531; x_wconf 89' lang='lat' dir='ltr'>simus,</span> <span class='ocrx_word' id='word_1_144' title='bbox 269 2448 335 2517; x_wconf 88' lang='lat' dir='ltr'>etsi</span> <span class='ocrx_word' id='word_1_145' title='bbox 356 2458 539 2537; x_wconf 86' lang='lat' dir='ltr'>propterea</span> <span class='ocrx_word' id='word_1_146' title='bbox 562 2472 581 2513; x_wconf 89' lang='lat' dir='ltr'>a</span> <span class='ocrx_word' id='word_1_147' title='bbox 608 2446 729 2515; x_wconf 89' lang='lat' dir='ltr'>multis</span> <span class='ocrx_word' id='word_1_148' title='bbox 751 2446 870 2533; x_wconf 71' lang='lat' dir='ltr'>quagas</span> <span class='ocrx_word' id='word_1_149' title='bbox 892 2445 1093 2533; x_wconf 87' lang='lat' dir='ltr'>accipimus.</span> 
     </span>
     <span class='ocr_line' id='line_1_22' title="bbox 100 2544 1093 2639; baseline -0.012 -17"><span class='ocrx_word' id='word_1_150' title='bbox 100 2551 172 2622; x_wconf 87' lang='lat' dir='ltr'>Nec</span> <span class='ocrx_word' id='word_1_151' title='bbox 190 2548 258 2618; x_wconf 91' lang='lat' dir='ltr'>alia</span> <span class='ocrx_word' id='word_1_152' title='bbox 273 2570 333 2639; x_wconf 87' lang='lat' dir='ltr'>spe</span> <span class='ocrx_word' id='word_1_153' title='bbox 350 2544 625 2631; x_wconf 72' lang='lat' dir='ltr'>celantissimos,</span> <span class='ocrx_word' id='word_1_154' title='bbox 650 2546 719 2613; x_wconf 90' lang='lat' dir='ltr'>nisi</span> <span class='ocrx_word' id='word_1_155' title='bbox 737 2546 767 2612; x_wconf 88' lang='lat' dir='ltr'>si</span> <span class='ocrx_word' id='word_1_156' title='bbox 783 2544 890 2628; x_wconf 89' lang='lat' dir='ltr'>Deus,</span> <span class='ocrx_word' id='word_1_157' title='bbox 917 2547 978 2637; x_wconf 93' lang='lat' dir='ltr'>qui</span> <span class='ocrx_word' id='word_1_158' title='bbox 994 2559 1093 2613; x_wconf 86' lang='lat' dir='ltr'>ante-</span> 
     </span>
     <span class='ocr_line' id='line_1_23' title="bbox 101 2643 1092 2737; baseline -0.007 -17"><span class='ocrx_word' id='word_1_159' title='bbox 101 2647 164 2720; x_wconf 89' lang='lat' dir='ltr'>hac</span> <span class='ocrx_word' id='word_1_160' title='bbox 180 2645 272 2717; x_wconf 92' lang='lat' dir='ltr'>banc</span> <span class='ocrx_word' id='word_1_161' title='bbox 288 2643 445 2718; x_wconf 88' lang='lat' dir='ltr'>scholam</span> <span class='ocrx_word' id='word_1_162' title='bbox 462 2646 536 2737; x_wconf 89' lang='lat' dir='ltr'>ipse</span> <span class='ocrx_word' id='word_1_163' title='bbox 552 2647 666 2715; x_wconf 84' lang='lat' dir='ltr'>evexit</span> <span class='ocrx_word' id='word_1_164' title='bbox 679 2660 712 2716; x_wconf 90' lang='lat' dir='ltr'>et</span> <span class='ocrx_word' id='word_1_165' title='bbox 725 2647 809 2716; x_wconf 83' lang='lat' dir='ltr'>fecit</span> <span class='ocrx_word' id='word_1_166' title='bbox 824 2650 942 2715; x_wconf 89' lang='lat' dir='ltr'>sedem</span> <span class='ocrx_word' id='word_1_167' title='bbox 960 2645 1092 2713; x_wconf 86' lang='lat' dir='ltr'>doctri-</span> 
     </span>
     <span class='ocr_line' id='line_1_24' title="bbox 99 2747 1091 2841; baseline -0.007 -21"><span class='ocrx_word' id='word_1_168' title='bbox 99 2774 166 2841; x_wconf 75' lang='lat' dir='ltr'>nae</span> <span class='ocrx_word' id='word_1_169' title='bbox 190 2749 329 2841; x_wconf 86' lang='lat' dir='ltr'>pietatis</span> <span class='ocrx_word' id='word_1_170' title='bbox 350 2760 386 2817; x_wconf 88' lang='lat' dir='ltr'>et</span> <span class='ocrx_word' id='word_1_171' title='bbox 410 2748 539 2816; x_wconf 87' lang='lat' dir='ltr'>artium</span> <span class='ocrx_word' id='word_1_172' title='bbox 561 2747 686 2817; x_wconf 90' lang='lat' dir='ltr'>studiis</span> <span class='ocrx_word' id='word_1_173' title='bbox 708 2748 912 2827; x_wconf 86' lang='lat' dir='ltr'>florentem,</span> <span class='ocrx_word' id='word_1_174' title='bbox 945 2750 1091 2815; x_wconf 87' lang='lat' dir='ltr'>eandem</span> 
     </span>
     <span class='ocr_line' id='line_1_25' title="bbox 100 2842 1092 2941; baseline -0.008 -22"><span class='ocrx_word' id='word_1_175' title='bbox 100 2851 206 2920; x_wconf 69' lang='lat' dir='ltr'>etiarm</span> <span class='ocrx_word' id='word_1_176' title='bbox 228 2850 321 2940; x_wconf 89' lang='lat' dir='ltr'>ipse,</span> <span class='ocrx_word' id='word_1_177' title='bbox 345 2844 444 2941; x_wconf 88' lang='lat' dir='ltr'>(nam</span> <span class='ocrx_word' id='word_1_178' title='bbox 468 2850 511 2914; x_wconf 87' lang='lat' dir='ltr'>de</span> <span class='ocrx_word' id='word_1_179' title='bbox 537 2842 689 2916; x_wconf 88' lang='lat' dir='ltr'>bumana</span> <span class='ocrx_word' id='word_1_180' title='bbox 708 2871 775 2936; x_wconf 89' lang='lat' dir='ltr'>ope</span> <span class='ocrx_word' id='word_1_181' title='bbox 789 2842 882 2916; x_wconf 90' lang='lat' dir='ltr'>nibil</span> <span class='ocrx_word' id='word_1_182' title='bbox 899 2848 1038 2914; x_wconf 87' lang='lat' dir='ltr'>firmum</span> <span class='ocrx_word' id='word_1_183' title='bbox 1059 2858 1092 2911; x_wconf 91' lang='lat' dir='ltr'>et</span> 
     </span>
     <span class='ocr_line' id='line_1_26' title="bbox 15 2940 1091 3042; baseline -0.008 -22"><span class='ocrx_word' id='word_1_184' title='bbox 15 2952 19 2965; x_wconf 88' lang='lat'>&#39;</span> <span class='ocrx_word' id='word_1_185' title='bbox 99 2963 307 3041; x_wconf 88' lang='lat' dir='ltr'>perpetuum</span> <span class='ocrx_word' id='word_1_186' title='bbox 331 2948 436 3015; x_wconf 90' lang='lat' dir='ltr'>nobis</span> <span class='ocrx_word' id='word_1_187' title='bbox 460 2947 621 3036; x_wconf 88' lang='lat' dir='ltr'>polliceri</span> <span class='ocrx_word' id='word_1_188' title='bbox 643 2946 826 3042; x_wconf 85' lang='lat' dir='ltr'>debemus)</span> <span class='ocrx_word' id='word_1_189' title='bbox 861 2946 946 3018; x_wconf 90' lang='lat' dir='ltr'>velit</span> <span class='ocrx_word' id='word_1_190' title='bbox 975 2947 1013 3014; x_wconf 92' lang='lat' dir='ltr'>in</span> <span class='ocrx_word' id='word_1_191' title='bbox 1034 2940 1091 3012; x_wconf 87' lang='lat' dir='ltr'>his</span> 
     </span>
     <span class='ocr_line' id='line_1_27' title="bbox 99 3044 1091 3140; baseline -0.008 -19"><span class='ocrx_word' id='word_1_192' title='bbox 99 3051 214 3121; x_wconf 90' lang='lat' dir='ltr'>ruinis</span> <span class='ocrx_word' id='word_1_193' title='bbox 238 3049 358 3140; x_wconf 90' lang='lat' dir='ltr'>aliquo</span> <span class='ocrx_word' id='word_1_194' title='bbox 381 3050 486 3114; x_wconf 87' lang='lat' dir='ltr'>modo</span> <span class='ocrx_word' id='word_1_195' title='bbox 508 3047 606 3115; x_wconf 88' lang='lat' dir='ltr'>velut</span> <span class='ocrx_word' id='word_1_196' title='bbox 627 3048 664 3115; x_wconf 93' lang='lat' dir='ltr'>in</span> <span class='ocrx_word' id='word_1_197' title='bbox 679 3048 861 3137; x_wconf 83' lang='lat' dir='ltr'>naufragio</span> <span class='ocrx_word' id='word_1_198' title='bbox 878 3069 1000 3115; x_wconf 88' lang='lat' dir='ltr'>rursus</span> <span class='ocrx_word' id='word_1_199' title='bbox 1015 3044 1091 3115; x_wconf 88' lang='lat' dir='ltr'>col-</span> 
     </span>
     <span class='ocr_line' id='line_1_28' title="bbox 100 3146 1091 3241; baseline -0.006 -21"><span class='ocrx_word' id='word_1_200' title='bbox 100 3154 189 3220; x_wconf 86' lang='lat' dir='ltr'>lecto</span> <span class='ocrx_word' id='word_1_201' title='bbox 212 3149 332 3241; x_wconf 90' lang='lat' dir='ltr'>aliquo</span> <span class='ocrx_word' id='word_1_202' title='bbox 354 3159 453 3216; x_wconf 90' lang='lat' dir='ltr'>coetu</span> <span class='ocrx_word' id='word_1_203' title='bbox 479 3146 693 3231; x_wconf 88' lang='lat' dir='ltr'>instaurare,</span> <span class='ocrx_word' id='word_1_204' title='bbox 726 3150 770 3215; x_wconf 88' lang='lat' dir='ltr'>nd</span> <span class='ocrx_word' id='word_1_205' title='bbox 793 3173 898 3239; x_wconf 90' lang='lat' dir='ltr'>quam</span> <span class='ocrx_word' id='word_1_206' title='bbox 917 3172 990 3217; x_wconf 89' lang='lat' dir='ltr'>reru</span> <span class='ocrx_word' id='word_1_207' title='bbox 1006 3170 1091 3236; x_wconf 87' lang='lat' dir='ltr'>ope·</span> 
     </span>
     <span class='ocr_line' id='line_1_29' title="bbox 99 3243 1091 3321; baseline -0.004 -2"><span class='ocrx_word' id='word_1_208' title='bbox 99 3276 175 3321; x_wconf 87' lang='lat' dir='ltr'>ram</span> <span class='ocrx_word' id='word_1_209' title='bbox 191 3262 346 3318; x_wconf 88' lang='lat' dir='ltr'>nostram</span> <span class='ocrx_word' id='word_1_210' title='bbox 363 3251 480 3315; x_wconf 82' lang='lat' dir='ltr'>deesse</span> <span class='ocrx_word' id='word_1_211' title='bbox 499 3271 571 3314; x_wconf 92' lang='lat' dir='ltr'>uon</span> <span class='ocrx_word' id='word_1_212' title='bbox 588 3249 715 3315; x_wconf 90' lang='lat' dir='ltr'>debere</span> <span class='ocrx_word' id='word_1_213' title='bbox 733 3249 992 3316; x_wconf 85' lang='lat' dir='ltr'>existumamus.</span> <span class='ocrx_word' id='word_1_214' title='bbox 1043 3243 1091 3315; x_wconf 84' lang='lat' dir='ltr'>Et</span> 
     </span>
     <span class='ocr_line' id='line_1_30' title="bbox 99 3349 1089 3439; baseline -0.005 -20"><span class='ocrx_word' id='word_1_215' title='bbox 99 3376 195 3420; x_wconf 93' lang='lat' dir='ltr'>nunc</span> <span class='ocrx_word' id='word_1_216' title='bbox 218 3351 299 3417; x_wconf 88' lang='lat' dir='ltr'>satis</span> <span class='ocrx_word' id='word_1_217' title='bbox 322 3350 414 3416; x_wconf 87' lang='lat' dir='ltr'>bona</span> <span class='ocrx_word' id='word_1_218' title='bbox 438 3370 516 3438; x_wconf 88' lang='lat' dir='ltr'>spes</span> <span class='ocrx_word' id='word_1_219' title='bbox 540 3349 758 3432; x_wconf 75' lang='lat' dir='ltr'>ostenditur,</span> <span class='ocrx_word' id='word_1_220' title='bbox 790 3350 853 3417; x_wconf 87' lang='lat' dir='ltr'>etsi</span> <span class='ocrx_word' id='word_1_221' title='bbox 869 3372 907 3416; x_wconf 89' lang='lat' dir='ltr'>ea</span> <span class='ocrx_word' id='word_1_222' title='bbox 925 3349 999 3439; x_wconf 87' lang='lat' dir='ltr'>ipsa</span> <span class='ocrx_word' id='word_1_223' title='bbox 1015 3371 1089 3416; x_wconf 93' lang='lat' dir='ltr'>non</span> 
     </span>
     <span class='ocr_line' id='line_1_31' title="bbox 97 3445 1088 3521; baseline 0 -1"><span class='ocrx_word' id='word_1_224' title='bbox 97 3454 174 3521; x_wconf 88' lang='lat' dir='ltr'>sine</span> <span class='ocrx_word' id='word_1_225' title='bbox 204 3448 443 3519; x_wconf 87' lang='lat' dir='ltr'>sollicitudine</span> <span class='ocrx_word' id='word_1_226' title='bbox 476 3462 527 3517; x_wconf 87' lang='lat' dir='ltr'>est</span> <span class='ocrx_word' id='word_1_227' title='bbox 562 3451 605 3516; x_wconf 90' lang='lat' dir='ltr'>dc</span> <span class='ocrx_word' id='word_1_228' title='bbox 632 3450 726 3518; x_wconf 86' lang='lat' dir='ltr'>exitu</span> <span class='ocrx_word' id='word_1_229' title='bbox 753 3445 859 3518; x_wconf 89' lang='lat' dir='ltr'>buius</span> <span class='ocrx_word' id='word_1_230' title='bbox 886 3463 1088 3520; x_wconf 86' lang='lat' dir='ltr'>conventus.</span> 
     </span>
     <span class='ocr_line' id='line_1_32' title="bbox 96 3546 1090 3643; baseline -0.003 -24"><span class='ocrx_word' id='word_1_231' title='bbox 96 3552 165 3624; x_wconf 84' lang='lat' dir='ltr'>Sed</span> <span class='ocrx_word' id='word_1_232' title='bbox 182 3550 355 3643; x_wconf 88' lang='lat' dir='ltr'>quidquid</span> <span class='ocrx_word' id='word_1_233' title='bbox 374 3550 450 3629; x_wconf 89' lang='lat' dir='ltr'>erit,</span> <span class='ocrx_word' id='word_1_234' title='bbox 469 3546 583 3618; x_wconf 91' lang='lat' dir='ltr'>Deum</span> <span class='ocrx_word' id='word_1_235' title='bbox 601 3550 791 3629; x_wconf 88' lang='lat' dir='ltr'>orabimus,</span> <span class='ocrx_word' id='word_1_236' title='bbox 813 3565 854 3619; x_wconf 92' lang='lat' dir='ltr'>ut</span> <span class='ocrx_word' id='word_1_237' title='bbox 869 3551 999 3619; x_wconf 90' lang='lat' dir='ltr'>alicubi</span> <span class='ocrx_word' id='word_1_238' title='bbox 1016 3574 1090 3617; x_wconf 87' lang='lat' dir='ltr'>ser-</span> 
     </span>
     <span class='ocr_line' id='line_1_33' title="bbox 96 3647 1089 3739; baseline -0.006 -17"><span class='ocrx_word' id='word_1_239' title='bbox 96 3667 153 3723; x_wconf 87' lang='lat' dir='ltr'>vet</span> <span class='ocrx_word' id='word_1_240' title='bbox 176 3666 210 3722; x_wconf 90' lang='lat' dir='ltr'>et</span> <span class='ocrx_word' id='word_1_241' title='bbox 231 3652 373 3739; x_wconf 82' lang='lat' dir='ltr'>colligat</span> <span class='ocrx_word' id='word_1_242' title='bbox 399 3650 564 3739; x_wconf 84' lang='lat' dir='ltr'>reliquias</span> <span class='ocrx_word' id='word_1_243' title='bbox 586 3650 641 3718; x_wconf 90' lang='lat' dir='ltr'>sui</span> <span class='ocrx_word' id='word_1_244' title='bbox 664 3664 796 3724; x_wconf 89' lang='lat' dir='ltr'>coetus.</span> <span class='ocrx_word' id='word_1_245' title='bbox 846 3648 894 3720; x_wconf 86' lang='lat' dir='ltr'>Et</span> <span class='ocrx_word' id='word_1_246' title='bbox 911 3652 939 3719; x_wconf 89' lang='lat' dir='ltr'>si</span> <span class='ocrx_word' id='word_1_247' title='bbox 959 3647 1016 3719; x_wconf 81' lang='lat' dir='ltr'>bic</span> <span class='ocrx_word' id='word_1_248' title='bbox 1035 3672 1089 3718; x_wconf 86' lang='lat' dir='ltr'>res</span> 
     </span>
     <span class='ocr_line' id='line_1_34' title="bbox 98 3751 1088 3843; baseline 0.001 -21"><span class='ocrx_word' id='word_1_249' title='bbox 98 3778 169 3823; x_wconf 91' lang='lat' dir='ltr'>non</span> <span class='ocrx_word' id='word_1_250' title='bbox 188 3754 370 3843; x_wconf 81' lang='lat' dir='ltr'>procedet,</span> <span class='ocrx_word' id='word_1_251' title='bbox 398 3752 501 3818; x_wconf 89' lang='lat' dir='ltr'>uobis</span> <span class='ocrx_word' id='word_1_252' title='bbox 516 3751 621 3819; x_wconf 84' lang='lat' dir='ltr'>etiam</span> <span class='ocrx_word' id='word_1_253' title='bbox 638 3752 740 3820; x_wconf 83' lang='lat' dir='ltr'>exilia</span> <span class='ocrx_word' id='word_1_254' title='bbox 758 3755 956 3843; x_wconf 90' lang='lat' dir='ltr'>quaerenda</span> <span class='ocrx_word' id='word_1_255' title='bbox 974 3763 1088 3823; x_wconf 89' lang='lat' dir='ltr'>crunt.</span> 
     </span>
     <span class='ocr_line' id='line_1_35' title="bbox 95 3853 1089 3943; baseline -0.008 -17"><span class='ocrx_word' id='word_1_256' title='bbox 95 3856 216 3926; x_wconf 87' lang='lat' dir='ltr'>Simus</span> <span class='ocrx_word' id='word_1_257' title='bbox 232 3869 347 3922; x_wconf 88' lang='lat' dir='ltr'>autem</span> <span class='ocrx_word' id='word_1_258' title='bbox 363 3875 427 3918; x_wconf 89' lang='lat' dir='ltr'>nus</span> <span class='ocrx_word' id='word_1_259' title='bbox 445 3864 615 3943; x_wconf 89' lang='lat' dir='ltr'>quantum</span> <span class='ocrx_word' id='word_1_260' title='bbox 633 3853 780 3920; x_wconf 92' lang='lat' dir='ltr'>omnino</span> <span class='ocrx_word' id='word_1_261' title='bbox 796 3876 981 3943; x_wconf 89' lang='lat' dir='ltr'>possumus</span> <span class='ocrx_word' id='word_1_262' title='bbox 997 3853 1089 3920; x_wconf 81' lang='lat' dir='ltr'>veris</span> 
     </span>
     <span class='ocr_line' id='line_1_36' title="bbox 95 3952 1088 4045; baseline -0.005 -21"><span class='ocrx_word' id='word_1_263' title='bbox 95 3955 223 4024; x_wconf 84' lang='lat' dir='ltr'>arrimis</span> <span class='ocrx_word' id='word_1_264' title='bbox 254 3966 287 4020; x_wconf 87' lang='lat' dir='ltr'>et</span> <span class='ocrx_word' id='word_1_265' title='bbox 314 3953 439 4020; x_wconf 88' lang='lat' dir='ltr'>studiis</span> <span class='ocrx_word' id='word_1_266' title='bbox 465 3952 666 4034; x_wconf 88' lang='lat' dir='ltr'>coniuncti,</span> <span class='ocrx_word' id='word_1_267' title='bbox 705 3968 744 4021; x_wconf 91' lang='lat' dir='ltr'>ut</span> <span class='ocrx_word' id='word_1_268' title='bbox 768 3978 839 4024; x_wconf 93' lang='lat' dir='ltr'>uuo</span> <span class='ocrx_word' id='word_1_269' title='bbox 862 3977 924 4022; x_wconf 90' lang='lat' dir='ltr'>ore</span> <span class='ocrx_word' id='word_1_270' title='bbox 947 3976 1088 4045; x_wconf 90' lang='lat' dir='ltr'>unoque</span> 
     </span>
     <span class='ocr_line' id='line_1_37' title="bbox 94 4050 1086 4145; baseline 0 -24"><span class='ocrx_word' id='word_1_271' title='bbox 94 4067 233 4145; x_wconf 89' lang='lat' dir='ltr'>pectore</span> <span class='ocrx_word' id='word_1_272' title='bbox 250 4050 363 4120; x_wconf 86' lang='lat' dir='ltr'>Deum</span> <span class='ocrx_word' id='word_1_273' title='bbox 389 4064 569 4119; x_wconf 89' lang='lat' dir='ltr'>aeternum</span> <span class='ocrx_word' id='word_1_274' title='bbox 593 4050 819 4130; x_wconf 80' lang='lat' dir='ltr'>invocemus,</span> <span class='ocrx_word' id='word_1_275' title='bbox 849 4066 888 4122; x_wconf 87' lang='lat' dir='ltr'>ut</span> <span class='ocrx_word' id='word_1_276' title='bbox 912 4076 977 4122; x_wconf 82' lang='lat' dir='ltr'>nos</span> <span class='ocrx_word' id='word_1_277' title='bbox 1000 4067 1034 4122; x_wconf 86' lang='lat' dir='ltr'>et</span> <span class='ocrx_word' id='word_1_278' title='bbox 1051 4055 1086 4121; x_wconf 92' lang='lat' dir='ltr'>in</span> 
     </span>
     <span class='ocr_line' id='line_1_38' title="bbox 94 4150 1084 4245; baseline -0.004 -21"><span class='ocrx_word' id='word_1_279' title='bbox 94 4151 162 4224; x_wconf 89' lang='lat' dir='ltr'>hoc</span> <span class='ocrx_word' id='word_1_280' title='bbox 179 4153 315 4245; x_wconf 82' lang='lat' dir='ltr'>perdito</span> <span class='ocrx_word' id='word_1_281' title='bbox 330 4154 464 4219; x_wconf 74' lang='lat' dir='ltr'>curando</span> <span class='ocrx_word' id='word_1_282' title='bbox 481 4164 626 4218; x_wconf 88' lang='lat' dir='ltr'>serveta</span> <span class='ocrx_word' id='word_1_283' title='bbox 641 4150 747 4235; x_wconf 90' lang='lat' dir='ltr'>malo,</span> <span class='ocrx_word' id='word_1_284' title='bbox 768 4164 801 4219; x_wconf 87' lang='lat' dir='ltr'>et</span> <span class='ocrx_word' id='word_1_285' title='bbox 812 4153 896 4222; x_wconf 78' lang='lat' dir='ltr'>velit</span> <span class='ocrx_word' id='word_1_286' title='bbox 912 4154 1084 4220; x_wconf 81' lang='lat' dir='ltr'>essesalu-</span> 
     </span>
     <span class='ocr_line' id='line_1_39' title="bbox 94 4251 1087 4343; baseline -0.005 -18"><span class='ocrx_word' id='word_1_287' title='bbox 94 4255 180 4325; x_wconf 88' lang='lat' dir='ltr'>taria</span> <span class='ocrx_word' id='word_1_288' title='bbox 196 4276 325 4340; x_wconf 78' lang='lat' dir='ltr'>organa</span> <span class='ocrx_word' id='word_1_289' title='bbox 343 4252 612 4333; x_wconf 85' lang='lat' dir='ltr'>misericordiae,</span> <span class='ocrx_word' id='word_1_290' title='bbox 629 4275 669 4320; x_wconf 87' lang='lat' dir='ltr'>ac</span> <span class='ocrx_word' id='word_1_291' title='bbox 686 4254 723 4319; x_wconf 91' lang='lat' dir='ltr'>in</span> <span class='ocrx_word' id='word_1_292' title='bbox 740 4251 800 4319; x_wconf 89' lang='lat' dir='ltr'>illa</span> <span class='ocrx_word' id='word_1_293' title='bbox 817 4252 934 4320; x_wconf 83' lang='lat' dir='ltr'>foelici</span> <span class='ocrx_word' id='word_1_294' title='bbox 950 4277 988 4319; x_wconf 90' lang='lat' dir='ltr'>ac</span> <span class='ocrx_word' id='word_1_295' title='bbox 1008 4276 1087 4343; x_wconf 90' lang='lat' dir='ltr'>per-</span> 
     </span>
     <span class='ocr_line' id='line_1_40' title="bbox 95 4348 1086 4448; baseline -0.005 -22"><span class='ocrx_word' id='word_1_296' title='bbox 95 4369 197 4448; x_wconf 86' lang='lat' dir='ltr'>petua</span> <span class='ocrx_word' id='word_1_297' title='bbox 221 4348 340 4423; x_wconf 88' lang='lat' dir='ltr'>schola</span> <span class='ocrx_word' id='word_1_298' title='bbox 363 4351 505 4421; x_wconf 86' lang='lat' dir='ltr'>coelesti</span> <span class='ocrx_word' id='word_1_299' title='bbox 528 4366 711 4421; x_wconf 89' lang='lat' dir='ltr'>aeternum</span> <span class='ocrx_word' id='word_1_300' title='bbox 733 4353 818 4421; x_wconf 88' lang='lat' dir='ltr'>velit</span> <span class='ocrx_word' id='word_1_301' title='bbox 841 4376 914 4421; x_wconf 81' lang='lat' dir='ltr'>essu</span> <span class='ocrx_word' id='word_1_302' title='bbox 936 4353 1086 4422; x_wconf 87' lang='lat' dir='ltr'>coniun-</span> 
     </span>
     <span class='ocr_line' id='line_1_41' title="bbox 16 4453 1084 4526; baseline -0.001 0"><span class='ocrx_word' id='word_1_303' title='bbox 16 4460 20 4467; x_wconf 84' lang='lat'>&#39;</span> <span class='ocrx_word' id='word_1_304' title='bbox 94 4473 168 4526; x_wconf 87' lang='lat' dir='ltr'>ctos</span> <span class='ocrx_word' id='word_1_305' title='bbox 200 4456 236 4523; x_wconf 92' lang='lat' dir='ltr'>in</span> <span class='ocrx_word' id='word_1_306' title='bbox 275 4453 459 4523; x_wconf 81' lang='lat' dir='ltr'>laetissima</span> <span class='ocrx_word' id='word_1_307' title='bbox 499 4456 754 4523; x_wconf 76' lang='lat' dir='ltr'>corisuetudine</span> <span class='ocrx_word' id='word_1_308' title='bbox 789 4480 867 4525; x_wconf 92' lang='lat' dir='ltr'>cum</span> <span class='ocrx_word' id='word_1_309' title='bbox 904 4454 975 4521; x_wconf 84' lang='lat' dir='ltr'>lilio</span> <span class='ocrx_word' id='word_1_310' title='bbox 1008 4478 1084 4526; x_wconf 87' lang='lat' dir='ltr'>suo.</span> 
     </span>
     <span class='ocr_line' id='line_1_42' title="bbox 91 4550 1083 4628; baseline -0.006 0"><span class='ocrx_word' id='word_1_311' title='bbox 91 4556 219 4628; x_wconf 82' lang='lat' dir='ltr'>Amen.</span> <span class='ocrx_word' id='word_1_312' title='bbox 286 4550 382 4622; x_wconf 88' lang='lat' dir='ltr'>Bene</span> <span class='ocrx_word' id='word_1_313' title='bbox 414 4555 492 4623; x_wconf 87' lang='lat' dir='ltr'>vale</span> <span class='ocrx_word' id='word_1_314' title='bbox 519 4579 598 4624; x_wconf 91' lang='lat' dir='ltr'>cum</span> <span class='ocrx_word' id='word_1_315' title='bbox 625 4555 771 4628; x_wconf 85' lang='lat' dir='ltr'>familia.</span> <span class='ocrx_word' id='word_1_316' title='bbox 834 4554 990 4624; x_wconf 85' lang='lat' dir='ltr'>Salutem</span> <span class='ocrx_word' id='word_1_317' title='bbox 1016 4556 1083 4624; x_wconf 87' lang='lat' dir='ltr'>tibi</span> 
     </span>
     <span class='ocr_line' id='line_1_43' title="bbox 91 4648 1087 4751; baseline -0.003 -24"><span class='ocrx_word' id='word_1_318' title='bbox 91 4671 188 4750; x_wconf 88' lang='lat' dir='ltr'>optat</span> <span class='ocrx_word' id='word_1_319' title='bbox 211 4654 256 4730; x_wconf 88' lang='grc' dir='ltr'>Ι).</span> <span class='ocrx_word' id='word_1_320' title='bbox 271 4654 521 4740; x_wconf 87' lang='lat' dir='ltr'>Pomeramus,</span> <span class='ocrx_word' id='word_1_321' title='bbox 555 4668 673 4742; x_wconf 87' lang='lat' dir='ltr'>pastor</span> <span class='ocrx_word' id='word_1_322' title='bbox 689 4652 886 4738; x_wconf 76' lang='lat' dir='ltr'>Ecclesiae,</span> <span class='ocrx_word' id='word_1_323' title='bbox 912 4648 1087 4751; x_wconf 72' lang='lat' dir='ltr'>Philippi</span> 
     </span>
     <span class='ocr_line' id='line_1_44' title="bbox 92 4750 1082 4848; baseline -0.002 -19"><span class='ocrx_word' id='word_1_324' title='bbox 92 4761 243 4829; x_wconf 85' lang='lat' dir='ltr'>reditum</span> <span class='ocrx_word' id='word_1_325' title='bbox 260 4772 468 4848; x_wconf 83' lang='lat' dir='ltr'>cxpectanus</span> <span class='ocrx_word' id='word_1_326' title='bbox 485 4780 525 4824; x_wconf 86' lang='lat' dir='ltr'>ex</span> <span class='ocrx_word' id='word_1_327' title='bbox 539 4752 735 4825; x_wconf 84' lang='lat' dir='ltr'>Theodosii</span> <span class='ocrx_word' id='word_1_328' title='bbox 750 4750 907 4844; x_wconf 80' lang='lat' dir='ltr'>urbe&#39;),</span> <span class='ocrx_word' id='word_1_329' title='bbox 930 4758 993 4825; x_wconf 90' lang='lat' dir='ltr'>ubi</span> <span class='ocrx_word' id='word_1_330' title='bbox 1009 4759 1082 4827; x_wconf 88' lang='lat' dir='ltr'>eius</span> 
     </span>
     <span class='ocr_line' id='line_1_45' title="bbox 91 4858 1079 4948; baseline -0.002 -18"><span class='ocrx_word' id='word_1_331' title='bbox 91 4884 181 4930; x_wconf 82' lang='lat' dir='ltr'>uxor</span> <span class='ocrx_word' id='word_1_332' title='bbox 209 4883 289 4929; x_wconf 92' lang='lat' dir='ltr'>cum</span> <span class='ocrx_word' id='word_1_333' title='bbox 314 4880 453 4927; x_wconf 90' lang='lat' dir='ltr'>summo</span> <span class='ocrx_word' id='word_1_334' title='bbox 477 4858 567 4927; x_wconf 91' lang='lat' dir='ltr'>vitae</span> <span class='ocrx_word' id='word_1_335' title='bbox 592 4858 748 4946; x_wconf 86' lang='lat' dir='ltr'>periculo</span> <span class='ocrx_word' id='word_1_336' title='bbox 775 4860 987 4948; x_wconf 80' lang='lat' dir='ltr'>aegrotarit,</span> <span class='ocrx_word' id='word_1_337' title='bbox 1021 4862 1079 4928; x_wconf 85' lang='lat' dir='ltr'>sud</span> 
     </span>
     <span class='ocr_line' id='line_1_46' title="bbox 91 4958 1081 5043; baseline -0.001 -13"><span class='ocrx_word' id='word_1_338' title='bbox 91 4986 186 5030; x_wconf 90' lang='lat' dir='ltr'>nunc</span> <span class='ocrx_word' id='word_1_339' title='bbox 203 4958 269 5030; x_wconf 88' lang='lat' dir='ltr'>Dei</span> <span class='ocrx_word' id='word_1_340' title='bbox 288 4959 477 5042; x_wconf 76' lang='lat' dir='ltr'>beneficio,</span> <span class='ocrx_word' id='word_1_341' title='bbox 503 4972 543 5028; x_wconf 89' lang='lat' dir='ltr'>nt</span> <span class='ocrx_word' id='word_1_342' title='bbox 560 4959 740 5043; x_wconf 87' lang='lat' dir='ltr'>audimus,</span> <span class='ocrx_word' id='word_1_343' title='bbox 766 4962 936 5034; x_wconf 88' lang='lat' dir='ltr'>restituta.</span> <span class='ocrx_word' id='word_1_344' title='bbox 989 4959 1081 5031; x_wconf 89' lang='lat' dir='ltr'>Wi-</span> 
     </span>
     <span class='ocr_line' id='line_1_47' title="bbox 90 5055 780 5151; baseline -0.013 -17"><span class='ocrx_word' id='word_1_345' title='bbox 90 5063 251 5151; x_wconf 83' lang='lat' dir='ltr'>tebcrgac</span> <span class='ocrx_word' id='word_1_346' title='bbox 268 5060 325 5130; x_wconf 88' lang='lat' dir='ltr'>die</span> <span class='ocrx_word' id='word_1_347' title='bbox 339 5059 373 5133; x_wconf 81' lang='lat'>7.</span> <span class='ocrx_word' id='word_1_348' title='bbox 392 5055 560 5130; x_wconf 74' lang='lat' dir='ltr'>Octobris</span> <span class='ocrx_word' id='word_1_349' title='bbox 578 5055 688 5132; x_wconf 82' lang='lat'><strong>1547.</strong></span> <span class='ocrx_word' id='word_1_350' title='bbox 776 5076 780 5087; x_wconf 88' lang='lat'><strong>·</strong></span> 
     </span>
     <span class='ocr_line' id='line_1_48' title="bbox 401 5156 1027 5260; baseline 0.006 -30"><span class='ocrx_word' id='word_1_351' title='bbox 401 5158 504 5252; x_wconf 87' lang='lat' dir='ltr'>Casp.</span> <span class='ocrx_word' id='word_1_352' title='bbox 518 5159 576 5231; x_wconf 87' lang='lat' dir='ltr'>Cr.</span> <span class='ocrx_word' id='word_1_353' title='bbox 592 5162 624 5232; x_wconf 92' lang='lat' dir='ltr'>d.</span> <span class='ocrx_word' id='word_1_354' title='bbox 637 5156 837 5258; x_wconf 76' lang='lat' dir='ltr'>[Cruciger,</span> <span class='ocrx_word' id='word_1_355' title='bbox 861 5158 1027 5260; x_wconf 67' lang='lat' dir='ltr'>Doctus]</span> 
     </span>
    </p>
   </div>
   <div class='ocr_carea' id='block_1_3' title="bbox 85 5296 309 5313">
    <p class='ocr_par' dir='ltr' id='par_1_3' title="bbox 85 5296 309 5313">
     <span class='ocr_line' id='line_1_49' title="bbox 85 5296 309 5313; baseline -0.018 0"><span class='ocrx_word' id='word_1_356' title='bbox 85 5296 309 5313; x_wconf 55' lang='lat' dir='ltr'>m</span> 
     </span>
    </p>
   </div>
   <div class='ocr_carea' id='block_1_4' title="bbox 120 5385 318 5456">
    <p class='ocr_par' dir='ltr' id='par_1_4' title="bbox 120 5385 318 5456">
     <span class='ocr_line' id='line_1_50' title="bbox 120 5385 318 5456; baseline 0 -16"><span class='ocrx_word' id='word_1_357' title='bbox 120 5390 149 5456; x_wconf 78' lang='lat'>⁸)</span> <span class='ocrx_word' id='word_1_358' title='bbox 168 5385 318 5442; x_wconf 61' lang='lat' dir='ltr'>Nortbuss,</span> 
     </span>
    </p>
   </div>
   <div class='ocr_carea' id='block_1_5' title="bbox 692 354 1558 442">
    <p class='ocr_par' dir='ltr' id='par_1_5' title="bbox 692 354 1558 442">
     <span class='ocr_line' id='line_1_51' title="bbox 692 354 1558 442; baseline -0.009 0"><span class='ocrx_word' id='word_1_359' title='bbox 692 358 1130 442; x_wconf 75' lang='lat' dir='ltr'>sr1srouattu1u</span> <span class='ocrx_word' id='word_1_360' title='bbox 1180 354 1370 438; x_wconf 66' lang='lat' dir='ltr'>atax</span> <span class='ocrx_word' id='word_1_361' title='bbox 1424 356 1558 434; x_wconf 77' lang='lat'><strong>1⁶47.</strong></span> 
     </span>
    </p>
   </div>
   <div class='ocr_carea' id='block_1_6' title="bbox 2071 361 2151 436">
    <p class='ocr_par' dir='ltr' id='par_1_6' title="bbox 2071 361 2151 436">
     <span class='ocr_line' id='line_1_52' title="bbox 2071 361 2151 436; baseline 0.025 -2"><span class='ocrx_word' id='word_1_362' title='bbox 2071 361 2151 436; x_wconf 79' lang='lat'>698</span> 
     </span>
    </p>
   </div>
   <div class='ocr_carea' id='block_1_7' title="bbox 1743 530 2144 625">
    <p class='ocr_par' dir='ltr' id='par_1_7' title="bbox 1743 530 2144 625">
     <span class='ocr_line' id='line_1_53' title="bbox 1743 530 2144 625; baseline -0.017 -21"><span class='ocrx_word' id='word_1_363' title='bbox 1743 544 1797 604; x_wconf 88' lang='lat'>10.</span> <span class='ocrx_word' id='word_1_364' title='bbox 1816 533 1887 599; x_wconf 83' lang='lat' dir='ltr'>Ost.</span> <span class='ocrx_word' id='word_1_365' title='bbox 1902 530 2144 625; x_wconf 82' lang='lat' dir='ltr'>(Witebergse.)</span> 
     </span>
    </p>
   </div>
   <div class='ocr_carea' id='block_1_8' title="bbox 1154 526 1353 602">
    <p class='ocr_par' dir='ltr' id='par_1_8' title="bbox 1154 526 1353 602">
     <span class='ocr_line' id='line_1_54' title="bbox 1154 526 1353 602; baseline 0 -3"><span class='ocrx_word' id='word_1_366' title='bbox 1154 527 1223 602; x_wconf 88' lang='lat' dir='ltr'>No.</span> <span class='ocrx_word' id='word_1_367' title='bbox 1239 526 1353 599; x_wconf 73' lang='grc'><strong>4082.</strong></span> 
     </span>
    </p>
   </div>
   <div class='ocr_carea' id='block_1_9' title="bbox 1161 618 1331 655">
    <p class='ocr_par' dir='ltr' id='par_1_9' title="bbox 1161 618 1331 655">
     <span class='ocr_line' id='line_1_55' title="bbox 1161 618 1331 655; baseline -0.024 0"><span class='ocrx_word' id='word_1_368' title='bbox 1161 618 1331 655; x_wconf 54' lang='grc' dir='ltr'><strong><em>Μ</em></strong></span> 
     </span>
    </p>
   </div>
   <div class='ocr_carea' id='block_1_10' title="bbox 1305 711 1884 821">
    <p class='ocr_par' dir='ltr' id='par_1_10' title="bbox 1305 711 1884 821">
     <span class='ocr_line' id='line_1_56' title="bbox 1305 711 1884 821; baseline -0.005 -25"><span class='ocrx_word' id='word_1_369' title='bbox 1305 756 1309 767; x_wconf 88' lang='grc'><strong><em>·</em></strong></span> <span class='ocrx_word' id='word_1_370' title='bbox 1417 711 1557 795; x_wconf 62' lang='lat' dir='ltr'>Micbr</span> <span class='ocrx_word' id='word_1_371' title='bbox 1570 711 1884 821; x_wconf 81' lang='lat' dir='ltr'>Meienburgio.</span> 
     </span>
    </p>
   </div>
   <div class='ocr_carea' id='block_1_11' title="bbox 1176 868 2116 1123">
    <p class='ocr_par' dir='ltr' id='par_1_11' title="bbox 1176 868 2116 1123">
     <span class='ocr_line' id='line_1_57' title="bbox 1250 868 1611 957; baseline -0.003 -34"><span class='ocrx_word' id='word_1_372' title='bbox 1250 868 1336 941; x_wconf 84' lang='lat' dir='ltr'>Epist.</span> <span class='ocrx_word' id='word_1_373' title='bbox 1352 870 1400 926; x_wconf 80' lang='lat' dir='ltr'>lib.</span> <span class='ocrx_word' id='word_1_374' title='bbox 1411 868 1445 925; x_wconf 82' lang='lat' dir='ltr'>V.</span> <span class='ocrx_word' id='word_1_375' title='bbox 1463 891 1490 944; x_wconf 82' lang='lat' dir='ltr'>p.</span> <span class='ocrx_word' id='word_1_376' title='bbox 1504 869 1555 926; x_wconf 77' lang='grc'>578</span> <span class='ocrx_word' id='word_1_377' title='bbox 1566 890 1611 957; x_wconf 81' lang='lat' dir='ltr'>sq.</span> 
     </span>
     <span class='ocr_line' id='line_1_58' title="bbox 1176 1014 2116 1123; baseline -0.007 -26"><span class='ocrx_word' id='word_1_378' title='bbox 1176 1021 1413 1097; x_wconf 79' lang='lat' dir='ltr'>Michaelr&#39;</span> <span class='ocrx_word' id='word_1_379' title='bbox 1434 1021 1788 1123; x_wconf 71' lang='lat' dir='ltr'>Meienburgio,</span> <span class='ocrx_word' id='word_1_380' title='bbox 1820 1014 2116 1095; x_wconf 83' lang='lat' dir='ltr'>consuliNortls.</span> 
     </span>
    </p>
   </div>
   <div class='ocr_carea' id='block_1_12' title="bbox 1149 1158 2141 1263">
    <p class='ocr_par' dir='ltr' id='par_1_12' title="bbox 1149 1158 2141 1263">
     <span class='ocr_line' id='line_1_59' title="bbox 1149 1158 2141 1263; baseline -0.015 -15"><span class='ocrx_word' id='word_1_381' title='bbox 1149 1158 1194 1248; x_wconf 78' lang='lat' dir='ltr'>S.</span> <span class='ocrx_word' id='word_1_382' title='bbox 1220 1172 1267 1252; x_wconf 85' lang='lat' dir='ltr'>D.</span> <span class='ocrx_word' id='word_1_383' title='bbox 1316 1175 1426 1263; x_wconf 90' lang='lat' dir='ltr'>Cum,</span> <span class='ocrx_word' id='word_1_384' title='bbox 1450 1175 1527 1248; x_wconf 92' lang='lat' dir='ltr'>Deo</span> <span class='ocrx_word' id='word_1_385' title='bbox 1543 1177 1699 1260; x_wconf 87' lang='lat' dir='ltr'>iuvante,</span> <span class='ocrx_word' id='word_1_386' title='bbox 1724 1175 1905 1246; x_wconf 87' lang='lat' dir='ltr'>rediissem</span> <span class='ocrx_word' id='word_1_387' title='bbox 1922 1173 1966 1241; x_wconf 93' lang='lat' dir='ltr'>ad</span> <span class='ocrx_word' id='word_1_388' title='bbox 1982 1167 2141 1256; x_wconf 81' lang='lat' dir='ltr'>Collegas</span> 
     </span>
    </p>
   </div>
   <div class='ocr_carea' id='block_1_13' title="bbox 1042 1269 2140 1367">
    <p class='ocr_par' dir='ltr' id='par_1_13' title="bbox 1042 1269 2140 1367">
     <span class='ocr_line' id='line_1_60' title="bbox 1042 1269 2140 1367; baseline -0.019 -12"><span class='ocrx_word' id='word_1_389' title='bbox 1042 1335 1066 1355; x_wconf 84' lang='lat'>..</span> <span class='ocrx_word' id='word_1_390' title='bbox 1149 1303 1266 1364; x_wconf 90' lang='lat' dir='ltr'>meos,</span> <span class='ocrx_word' id='word_1_391' title='bbox 1290 1280 1407 1349; x_wconf 88' lang='lat' dir='ltr'>statim</span> <span class='ocrx_word' id='word_1_392' title='bbox 1425 1278 1639 1367; x_wconf 80' lang='lat' dir='ltr'>interrogari</span> <span class='ocrx_word' id='word_1_393' title='bbox 1656 1280 1700 1346; x_wconf 89' lang='lat' dir='ltr'>de</span> <span class='ocrx_word' id='word_1_394' title='bbox 1717 1278 1769 1349; x_wconf 89' lang='lat' dir='ltr'>M.</span> <span class='ocrx_word' id='word_1_395' title='bbox 1786 1269 1951 1351; x_wconf 74' lang='lat' dir='ltr'>Andrea,</span> <span class='ocrx_word' id='word_1_396' title='bbox 1976 1269 2140 1363; x_wconf 89' lang='lat' dir='ltr'>quemad</span> 
     </span>
    </p>
   </div>
   <div class='ocr_carea' id='block_1_14' title="bbox 1144 1368 2142 3479">
    <p class='ocr_par' dir='ltr' id='par_1_14' title="bbox 1144 1368 2142 3479">
     <span class='ocr_line' id='line_1_61' title="bbox 1149 1368 2142 1451; baseline -0.016 -2"><span class='ocrx_word' id='word_1_397' title='bbox 1149 1382 1344 1449; x_wconf 88' lang='lat' dir='ltr'>docendam</span> <span class='ocrx_word' id='word_1_398' title='bbox 1366 1376 1559 1448; x_wconf 86' lang='lat' dir='ltr'>Ecclesiam</span> <span class='ocrx_word' id='word_1_399' title='bbox 1590 1380 1628 1447; x_wconf 90' lang='lat' dir='ltr'>in</span> <span class='ocrx_word' id='word_1_400' title='bbox 1652 1377 1741 1448; x_wconf 89' lang='lat' dir='ltr'>urbe</span> <span class='ocrx_word' id='word_1_401' title='bbox 1761 1369 1977 1451; x_wconf 73' lang='lat' dir='ltr'>Norlhuserr</span> <span class='ocrx_word' id='word_1_402' title='bbox 2001 1368 2142 1439; x_wconf 87' lang='lat' dir='ltr'>vocavi-</span> 
     </span>
     <span class='ocr_line' id='line_1_62' title="bbox 1150 1473 2141 1570; baseline -0.012 -22"><span class='ocrx_word' id='word_1_403' title='bbox 1150 1503 1239 1549; x_wconf 87' lang='lat' dir='ltr'>mus.</span> <span class='ocrx_word' id='word_1_404' title='bbox 1290 1478 1417 1560; x_wconf 91' lang='lat' dir='ltr'>Hunc,</span> <span class='ocrx_word' id='word_1_405' title='bbox 1445 1482 1655 1564; x_wconf 86' lang='lat' dir='ltr'>narrabant,</span> <span class='ocrx_word' id='word_1_406' title='bbox 1681 1481 1751 1548; x_wconf 92' lang='lat' dir='ltr'>iam</span> <span class='ocrx_word' id='word_1_407' title='bbox 1769 1478 1926 1570; x_wconf 86' lang='lat' dir='ltr'>Lipsiam</span> <span class='ocrx_word' id='word_1_408' title='bbox 1946 1473 2141 1564; x_wconf 84' lang='lat' dir='ltr'>proiectum</span> 
     </span>
     <span class='ocr_line' id='line_1_63' title="bbox 1150 1570 2140 1673; baseline -0.014 -24"><span class='ocrx_word' id='word_1_409' title='bbox 1150 1603 1234 1665; x_wconf 89' lang='lat' dir='ltr'>esse,</span> <span class='ocrx_word' id='word_1_410' title='bbox 1259 1605 1316 1648; x_wconf 89' lang='lat' dir='ltr'>me.</span> <span class='ocrx_word' id='word_1_411' title='bbox 1334 1594 1374 1651; x_wconf 89' lang='lat' dir='ltr'>ut</span> <span class='ocrx_word' id='word_1_412' title='bbox 1388 1581 1438 1649; x_wconf 92' lang='lat' dir='ltr'>ibi</span> <span class='ocrx_word' id='word_1_413' title='bbox 1453 1582 1703 1673; x_wconf 75' lang='lat' dir='ltr'>alloqueretur,</span> <span class='ocrx_word' id='word_1_414' title='bbox 1728 1605 1767 1650; x_wconf 90' lang='lat' dir='ltr'>ac</span> <span class='ocrx_word' id='word_1_415' title='bbox 1782 1577 1987 1657; x_wconf 88' lang='lat' dir='ltr'>decrevisse,</span> <span class='ocrx_word' id='word_1_416' title='bbox 2011 1570 2140 1641; x_wconf 87' lang='lat' dir='ltr'>deinde</span> 
     </span>
     <span class='ocr_line' id='line_1_64' title="bbox 1149 1673 2142 1770; baseline -0.012 -21"><span class='ocrx_word' id='word_1_417' title='bbox 1149 1695 1241 1750; x_wconf 89' lang='lat' dir='ltr'>recta</span> <span class='ocrx_word' id='word_1_418' title='bbox 1265 1684 1389 1750; x_wconf 91' lang='lat' dir='ltr'>advos</span> <span class='ocrx_word' id='word_1_419' title='bbox 1408 1682 1591 1770; x_wconf 87' lang='lat' dir='ltr'>proticisci.</span> <span class='ocrx_word' id='word_1_420' title='bbox 1642 1680 1701 1766; x_wconf 83' lang='lat' dir='ltr'>si,</span> <span class='ocrx_word' id='word_1_421' title='bbox 1725 1697 1763 1750; x_wconf 93' lang='lat' dir='ltr'>ut</span> <span class='ocrx_word' id='word_1_422' title='bbox 1782 1683 1953 1760; x_wconf 86' lang='lat' dir='ltr'>arbitror,</span> <span class='ocrx_word' id='word_1_423' title='bbox 1978 1673 2067 1743; x_wconf 89' lang='lat' dir='ltr'>istuc</span> <span class='ocrx_word' id='word_1_424' title='bbox 2082 1694 2142 1738; x_wconf 86' lang='lat' dir='ltr'>ve-</span> 
     </span>
     <span class='ocr_line' id='line_1_65' title="bbox 1149 1774 2142 1871; baseline -0.01 -23"><span class='ocrx_word' id='word_1_425' title='bbox 1149 1781 1240 1861; x_wconf 90' lang='lat' dir='ltr'>niet,</span> <span class='ocrx_word' id='word_1_426' title='bbox 1267 1785 1475 1851; x_wconf 90' lang='lat' dir='ltr'>commendo</span> <span class='ocrx_word' id='word_1_427' title='bbox 1499 1806 1579 1851; x_wconf 88' lang='lat' dir='ltr'>eum</span> <span class='ocrx_word' id='word_1_428' title='bbox 1595 1783 1706 1851; x_wconf 90' lang='lat' dir='ltr'>vobis.</span> <span class='ocrx_word' id='word_1_429' title='bbox 1758 1780 1824 1850; x_wconf 92' lang='lat' dir='ltr'>Vir</span> <span class='ocrx_word' id='word_1_430' title='bbox 1838 1778 1953 1871; x_wconf 83' lang='lat' dir='ltr'>gravis</span> <span class='ocrx_word' id='word_1_431' title='bbox 1968 1788 2003 1845; x_wconf 89' lang='lat' dir='ltr'>et</span> <span class='ocrx_word' id='word_1_432' title='bbox 2018 1774 2142 1841; x_wconf 85' lang='lat' dir='ltr'>doctus</span> 
     </span>
     <span class='ocr_line' id='line_1_66' title="bbox 1147 1873 2141 1970; baseline -0.012 -21"><span class='ocrx_word' id='word_1_433' title='bbox 1147 1897 1209 1956; x_wconf 80' lang='lat' dir='ltr'>est.</span> <span class='ocrx_word' id='word_1_434' title='bbox 1248 1878 1451 1970; x_wconf 84' lang='lat' dir='ltr'>Explorabo</span> <span class='ocrx_word' id='word_1_435' title='bbox 1474 1883 1579 1952; x_wconf 89' lang='lat' dir='ltr'>etiam</span> <span class='ocrx_word' id='word_1_436' title='bbox 1594 1883 1631 1950; x_wconf 93' lang='lat' dir='ltr'>in</span> <span class='ocrx_word' id='word_1_437' title='bbox 1651 1883 1725 1950; x_wconf 79' lang='lat' dir='ltr'>eicis</span> <span class='ocrx_word' id='word_1_438' title='bbox 1746 1881 1875 1961; x_wconf 82' lang='lat' dir='ltr'>Patria,</span> <span class='ocrx_word' id='word_1_439' title='bbox 1902 1903 1947 1948; x_wconf 89' lang='lat' dir='ltr'>an</span> <span class='ocrx_word' id='word_1_440' title='bbox 1965 1873 2141 1965; x_wconf 85' lang='lat' dir='ltr'>profectus</span> 
     </span>
     <span class='ocr_line' id='line_1_67' title="bbox 1148 1974 2138 2074; baseline -0.015 -23"><span class='ocrx_word' id='word_1_441' title='bbox 1148 1984 1204 2052; x_wconf 88' lang='lat' dir='ltr'>sit.</span> <span class='ocrx_word' id='word_1_442' title='bbox 1255 1982 1353 2052; x_wconf 88' lang='lat' dir='ltr'>Civis</span> <span class='ocrx_word' id='word_1_443' title='bbox 1378 1984 1502 2074; x_wconf 87' lang='lat' dir='ltr'>oppidi</span> <span class='ocrx_word' id='word_1_444' title='bbox 1524 1984 1636 2051; x_wconf 86' lang='lat' dir='ltr'>nostri</span> <span class='ocrx_word' id='word_1_445' title='bbox 1654 1979 1801 2051; x_wconf 79' lang='lat' dir='ltr'>Kelrser</span> <span class='ocrx_word' id='word_1_446' title='bbox 1821 1982 1889 2051; x_wconf 86' lang='lat' dir='ltr'>luit</span> <span class='ocrx_word' id='word_1_447' title='bbox 1911 1989 2048 2068; x_wconf 91' lang='lat' dir='ltr'>captus,</span> <span class='ocrx_word' id='word_1_448' title='bbox 2080 1974 2138 2038; x_wconf 89' lang='lat' dir='ltr'>sed</span> 
     </span>
     <span class='ocr_line' id='line_1_68' title="bbox 1147 2073 2142 2169; baseline -0.012 -18"><span class='ocrx_word' id='word_1_449' title='bbox 1147 2106 1282 2162; x_wconf 87' lang='lat' dir='ltr'>rursus,</span> <span class='ocrx_word' id='word_1_450' title='bbox 1309 2083 1384 2153; x_wconf 89' lang='lat' dir='ltr'>Deo</span> <span class='ocrx_word' id='word_1_451' title='bbox 1400 2084 1554 2169; x_wconf 89' lang='lat' dir='ltr'>iuvante,</span> <span class='ocrx_word' id='word_1_452' title='bbox 1580 2085 1748 2153; x_wconf 85' lang='lat' dir='ltr'>liberatus</span> <span class='ocrx_word' id='word_1_453' title='bbox 1763 2098 1825 2154; x_wconf 84' lang='lat' dir='ltr'>est.</span> <span class='ocrx_word' id='word_1_454' title='bbox 1870 2078 2000 2160; x_wconf 87' lang='lat' dir='ltr'>Hodie,</span> <span class='ocrx_word' id='word_1_455' title='bbox 2025 2073 2142 2152; x_wconf 88' lang='lat' dir='ltr'>credo,</span> 
     </span>
     <span class='ocr_line' id='line_1_69' title="bbox 1149 2178 2141 2276; baseline -0.011 -25"><span class='ocrx_word' id='word_1_456' title='bbox 1149 2179 1207 2261; x_wconf 82' lang='lat' dir='ltr'>bic</span> <span class='ocrx_word' id='word_1_457' title='bbox 1227 2186 1432 2252; x_wconf 80' lang='lat' dir='ltr'>adfuturum</span> <span class='ocrx_word' id='word_1_458' title='bbox 1456 2207 1539 2257; x_wconf 90' lang='lat' dir='ltr'>esse.</span> <span class='ocrx_word' id='word_1_459' title='bbox 1589 2181 1643 2253; x_wconf 88' lang='lat' dir='ltr'>De</span> <span class='ocrx_word' id='word_1_460' title='bbox 1666 2185 1812 2276; x_wconf 83' lang='lat' dir='ltr'>Synodo</span> <span class='ocrx_word' id='word_1_461' title='bbox 1831 2178 2048 2254; x_wconf 84' lang='lat' dir='ltr'>Tridentiua.</span> <span class='ocrx_word' id='word_1_462' title='bbox 2066 2194 2141 2241; x_wconf 90' lang='lat' dir='ltr'>ma-</span> 
     </span>
     <span class='ocr_line' id='line_1_70' title="bbox 1147 2278 2142 2369; baseline -0.012 -18"><span class='ocrx_word' id='word_1_463' title='bbox 1147 2306 1236 2369; x_wconf 82' lang='lat' dir='ltr'>gnae</span> <span class='ocrx_word' id='word_1_464' title='bbox 1267 2287 1510 2354; x_wconf 83' lang='lat' dir='ltr'>contentiones</span> <span class='ocrx_word' id='word_1_465' title='bbox 1542 2298 1625 2353; x_wconf 90' lang='lat' dir='ltr'>sunt</span> <span class='ocrx_word' id='word_1_466' title='bbox 1651 2285 1688 2352; x_wconf 91' lang='lat' dir='ltr'>iu</span> <span class='ocrx_word' id='word_1_467' title='bbox 1711 2282 1900 2354; x_wconf 89' lang='lat' dir='ltr'>Conveutu</span> <span class='ocrx_word' id='word_1_468' title='bbox 1923 2278 2142 2366; x_wconf 75' lang='lat' dir='ltr'>Augusteum</span> 
     </span>
     <span class='ocr_line' id='line_1_71' title="bbox 1149 2382 2142 2476; baseline -0.01 -26"><span class='ocrx_word' id='word_1_469' title='bbox 1149 2382 1284 2451; x_wconf 86' lang='lat' dir='ltr'>Volunt</span> <span class='ocrx_word' id='word_1_470' title='bbox 1315 2385 1409 2451; x_wconf 90' lang='lat' dir='ltr'>enim</span> <span class='ocrx_word' id='word_1_471' title='bbox 1442 2385 1552 2476; x_wconf 89' lang='lat' dir='ltr'>aliqui</span> <span class='ocrx_word' id='word_1_472' title='bbox 1581 2386 1690 2453; x_wconf 88' lang='lat' dir='ltr'>indici</span> <span class='ocrx_word' id='word_1_473' title='bbox 1716 2410 1845 2452; x_wconf 87' lang='lat' dir='ltr'>novam</span> <span class='ocrx_word' id='word_1_474' title='bbox 1869 2382 2076 2476; x_wconf 82' lang='lat' dir='ltr'>Synodum,</span> <span class='ocrx_word' id='word_1_475' title='bbox 2106 2387 2142 2440; x_wconf 89' lang='lat' dir='ltr'>et</span> 
     </span>
     <span class='ocr_line' id='line_1_72' title="bbox 1147 2478 2141 2573; baseline -0.008 -23"><span class='ocrx_word' id='word_1_476' title='bbox 1147 2486 1278 2553; x_wconf 90' lang='lat' dir='ltr'>nolunt</span> <span class='ocrx_word' id='word_1_477' title='bbox 1304 2486 1458 2572; x_wconf 83' lang='lat' dir='ltr'>recipere</span> <span class='ocrx_word' id='word_1_478' title='bbox 1483 2488 1618 2553; x_wconf 84' lang='lat' dir='ltr'>decreta</span> <span class='ocrx_word' id='word_1_479' title='bbox 1646 2483 1877 2568; x_wconf 79' lang='lat' dir='ltr'>Tridentino,</span> <span class='ocrx_word' id='word_1_480' title='bbox 1915 2480 1998 2573; x_wconf 88' lang='lat' dir='ltr'>quia</span> <span class='ocrx_word' id='word_1_481' title='bbox 2021 2478 2141 2545; x_wconf 87' lang='lat' dir='ltr'>decre-</span> 
     </span>
     <span class='ocr_line' id='line_1_73' title="bbox 1147 2576 2139 2679; baseline -0.011 -26"><span class='ocrx_word' id='word_1_482' title='bbox 1147 2598 1222 2653; x_wconf 90' lang='lat' dir='ltr'>tum</span> <span class='ocrx_word' id='word_1_483' title='bbox 1245 2587 1290 2653; x_wconf 88' lang='lat' dir='ltr'>de</span> <span class='ocrx_word' id='word_1_484' title='bbox 1314 2583 1582 2664; x_wconf 77' lang='lat' dir='ltr'>iustificatione,</span> <span class='ocrx_word' id='word_1_485' title='bbox 1612 2586 1740 2654; x_wconf 82' lang='lat' dir='ltr'>factum</span> <span class='ocrx_word' id='word_1_486' title='bbox 1765 2586 1803 2653; x_wconf 94' lang='lat' dir='ltr'>in</span> <span class='ocrx_word' id='word_1_487' title='bbox 1824 2582 1969 2679; x_wconf 87' lang='lat' dir='ltr'>Synodo</span> <span class='ocrx_word' id='word_1_488' title='bbox 1984 2576 2139 2647; x_wconf 84' lang='lat' dir='ltr'>Triden-</span> 
     </span>
     <span class='ocr_line' id='line_1_74' title="bbox 1145 2679 2141 2769; baseline -0.007 -17"><span class='ocrx_word' id='word_1_489' title='bbox 1145 2686 1238 2769; x_wconf 88' lang='lat' dir='ltr'>tina,</span> <span class='ocrx_word' id='word_1_490' title='bbox 1268 2686 1344 2754; x_wconf 89' lang='lat' dir='ltr'>sine</span> <span class='ocrx_word' id='word_1_491' title='bbox 1370 2688 1441 2754; x_wconf 89' lang='lat' dir='ltr'>ulla</span> <span class='ocrx_word' id='word_1_492' title='bbox 1467 2685 1690 2755; x_wconf 89' lang='lat' dir='ltr'>dubitatione</span> <span class='ocrx_word' id='word_1_493' title='bbox 1708 2685 1835 2754; x_wconf 64' lang='lat' dir='ltr'>{salsum</span> <span class='ocrx_word' id='word_1_494' title='bbox 1854 2699 1917 2759; x_wconf 86' lang='lat' dir='ltr'>est.</span> <span class='ocrx_word' id='word_1_495' title='bbox 1966 2679 2063 2750; x_wconf 89' lang='lat' dir='ltr'>Bene</span> <span class='ocrx_word' id='word_1_496' title='bbox 2080 2697 2141 2746; x_wconf 84' lang='lat' dir='ltr'>va·</span> 
     </span>
     <span class='ocr_line' id='line_1_75' title="bbox 1144 2782 1887 2871; baseline 0.003 -19"><span class='ocrx_word' id='word_1_497' title='bbox 1144 2784 1230 2871; x_wconf 87' lang='lat' dir='ltr'>lete,</span> <span class='ocrx_word' id='word_1_498' title='bbox 1254 2799 1289 2855; x_wconf 90' lang='lat' dir='ltr'>et</span> <span class='ocrx_word' id='word_1_499' title='bbox 1305 2787 1497 2859; x_wconf 88' lang='lat' dir='ltr'>rescribite.</span> <span class='ocrx_word' id='word_1_500' title='bbox 1547 2787 1614 2854; x_wconf 91' lang='lat' dir='ltr'>Die</span> <span class='ocrx_word' id='word_1_501' title='bbox 1633 2788 1690 2855; x_wconf 89' lang='grc'>10.</span> <span class='ocrx_word' id='word_1_502' title='bbox 1706 2782 1887 2855; x_wconf 88' lang='lat' dir='ltr'>Octobris.</span> 
     </span>
     <span class='ocr_line' id='line_1_76' title="bbox 1294 2883 2022 2955; baseline -0.007 -1"><span class='ocrx_word' id='word_1_503' title='bbox 1294 2883 1391 2955; x_wconf 89' lang='lat' dir='ltr'>Deus</span> <span class='ocrx_word' id='word_1_504' title='bbox 1406 2901 1519 2955; x_wconf 88' lang='lat' dir='ltr'>servet</span> <span class='ocrx_word' id='word_1_505' title='bbox 1535 2909 1597 2953; x_wconf 89' lang='lat' dir='ltr'>vos</span> <span class='ocrx_word' id='word_1_506' title='bbox 1614 2898 1647 2953; x_wconf 91' lang='lat' dir='ltr'>et</span> <span class='ocrx_word' id='word_1_507' title='bbox 1666 2899 1797 2954; x_wconf 88' lang='lat' dir='ltr'>vestros</span> <span class='ocrx_word' id='word_1_508' title='bbox 1816 2887 2022 2955; x_wconf 88' lang='lat' dir='ltr'>incolumes.</span> 
     </span>
     <span class='ocr_line' id='line_1_77' title="bbox 1192 2972 2137 3067; baseline -0.013 -11"><span class='ocrx_word' id='word_1_509' title='bbox 1192 2983 1353 3056; x_wconf 87' lang='lat' dir='ltr'>Salutem</span> <span class='ocrx_word' id='word_1_510' title='bbox 1381 2987 1458 3054; x_wconf 85' lang='lat' dir='ltr'>viro</span> <span class='ocrx_word' id='word_1_511' title='bbox 1489 2983 1714 3067; x_wconf 89' lang='lat' dir='ltr'>Clarissimo,</span> <span class='ocrx_word' id='word_1_512' title='bbox 1752 2983 1824 3059; x_wconf 87' lang='lat' dir='ltr'>Du.</span> <span class='ocrx_word' id='word_1_513' title='bbox 1847 2982 1994 3055; x_wconf 87' lang='lat' dir='ltr'>Ductori</span> <span class='ocrx_word' id='word_1_514' title='bbox 2023 2972 2137 3049; x_wconf 77' lang='lat' dir='ltr'>Mae-</span> 
     </span>
     <span class='ocr_line' id='line_1_78' title="bbox 1244 3079 2136 3176; baseline -0.009 -23"><span class='ocrx_word' id='word_1_515' title='bbox 1244 3079 1364 3156; x_wconf 82' lang='lat' dir='ltr'>thaeo.</span> <span class='ocrx_word' id='word_1_516' title='bbox 1426 3085 1535 3155; x_wconf 89' lang='lat' dir='ltr'>blitto</span> <span class='ocrx_word' id='word_1_517' title='bbox 1565 3086 1666 3153; x_wconf 89' lang='lat' dir='ltr'>vobis</span> <span class='ocrx_word' id='word_1_518' title='bbox 1692 3084 1965 3176; x_wconf 79' lang='lat' dir='ltr'>Prognosticon:</span> <span class='ocrx_word' id='word_1_519' title='bbox 2005 3080 2066 3149; x_wconf 89' lang='lat' dir='ltr'>scd</span> <span class='ocrx_word' id='word_1_520' title='bbox 2095 3101 2136 3145; x_wconf 81' lang='lat' dir='ltr'>ex</span> 
     </span>
     <span class='ocr_line' id='line_1_79' title="bbox 1243 3180 2135 3275; baseline -0.015 -18"><span class='ocrx_word' id='word_1_521' title='bbox 1243 3186 1432 3257; x_wconf 87' lang='lat' dir='ltr'>Conventu</span> <span class='ocrx_word' id='word_1_522' title='bbox 1468 3184 1675 3275; x_wconf 81' lang='lat' dir='ltr'>Arrgustano</span> <span class='ocrx_word' id='word_1_523' title='bbox 1717 3188 1846 3257; x_wconf 91' lang='lat' dir='ltr'>certius</span> <span class='ocrx_word' id='word_1_524' title='bbox 1879 3180 2135 3274; x_wconf 70' lang='lat' dir='ltr'>Prognosticon</span> 
     </span>
     <span class='ocr_line' id='line_1_80' title="bbox 1242 3278 2137 3378; baseline -0.011 -23"><span class='ocrx_word' id='word_1_525' title='bbox 1242 3289 1333 3356; x_wconf 90' lang='lat' dir='ltr'>sumi</span> <span class='ocrx_word' id='word_1_526' title='bbox 1353 3302 1477 3378; x_wconf 88' lang='lat' dir='ltr'>potest.</span> <span class='ocrx_word' id='word_1_527' title='bbox 1525 3287 1656 3358; x_wconf 89' lang='lat' dir='ltr'>lterum</span> <span class='ocrx_word' id='word_1_528' title='bbox 1674 3289 1798 3361; x_wconf 88' lang='lat' dir='ltr'>valete.</span> <span class='ocrx_word' id='word_1_529' title='bbox 1846 3284 1987 3371; x_wconf 89' lang='lat' dir='ltr'>Audio,</span> <span class='ocrx_word' id='word_1_530' title='bbox 2013 3285 2052 3351; x_wconf 91' lang='lat' dir='ltr'>iu</span> <span class='ocrx_word' id='word_1_531' title='bbox 2071 3278 2137 3347; x_wconf 85' lang='lat' dir='ltr'>viis</span> 
     </span>
     <span class='ocr_line' id='line_1_81' title="bbox 1242 3388 1751 3479; baseline 0.018 -23"><span class='ocrx_word' id='word_1_532' title='bbox 1242 3388 1372 3479; x_wconf 88' lang='lat' dir='ltr'>passim</span> <span class='ocrx_word' id='word_1_533' title='bbox 1389 3389 1572 3459; x_wconf 87' lang='lat' dir='ltr'>latrocinia</span> <span class='ocrx_word' id='word_1_534' title='bbox 1588 3390 1751 3464; x_wconf 84' lang='lat' dir='ltr'>exerceri.</span> 
     </span>
    </p>
   </div>
   <div class='ocr_carea' id='block_1_15' title="bbox 1883 3486 2084 3580">
    <p class='ocr_par' dir='ltr' id='par_1_15' title="bbox 1883 3486 2084 3580">
     <span class='ocr_line' id='line_1_82' title="bbox 1883 3486 2084 3580; baseline -0.02 -19"><span class='ocrx_word' id='word_1_535' title='bbox 1883 3486 2084 3580; x_wconf 88' lang='lat' dir='ltr'>Philippus.</span> 
     </span>
    </p>
   </div>
   <div class='ocr_carea' id='block_1_16' title="bbox 1140 3820 1336 3899">
    <p class='ocr_par' dir='ltr' id='par_1_16' title="bbox 1140 3820 1336 3899">
     <span class='ocr_line' id='line_1_83' title="bbox 1140 3820 1336 3899; baseline 0.031 -7"><span class='ocrx_word' id='word_1_536' title='bbox 1140 3820 1206 3892; x_wconf 86' lang='lat' dir='ltr'>No.</span> <span class='ocrx_word' id='word_1_537' title='bbox 1222 3820 1336 3899; x_wconf 77' lang='grc'><strong>4033.</strong></span> 
     </span>
    </p>
   </div>
   <div class='ocr_carea' id='block_1_17' title="bbox 1146 3917 1318 3947">
    <p class='ocr_par' dir='ltr' id='par_1_17' title="bbox 1146 3917 1318 3947">
     <span class='ocr_line' id='line_1_84' title="bbox 1146 3917 1318 3947; baseline 0.006 -2"><span class='ocrx_word' id='word_1_538' title='bbox 1146 3917 1318 3947; x_wconf 53' lang='grc' dir='ltr'><strong>Μ</strong></span> 
     </span>
    </p>
   </div>
   <div class='ocr_carea' id='block_1_18' title="bbox 1972 3821 2115 3897">
    <p class='ocr_par' dir='ltr' id='par_1_18' title="bbox 1972 3821 2115 3897">
     <span class='ocr_line' id='line_1_85' title="bbox 1972 3821 2115 3897; baseline -0.035 -9"><span class='ocrx_word' id='word_1_539' title='bbox 1972 3835 2028 3897; x_wconf 82' lang='lat'>10.</span> <span class='ocrx_word' id='word_1_540' title='bbox 2043 3821 2115 3887; x_wconf 86' lang='lat' dir='ltr'>Ost.</span> 
     </span>
    </p>
   </div>
   <div class='ocr_carea' id='block_1_19' title="bbox 1480 3913 2128 4078">
    <p class='ocr_par' dir='ltr' id='par_1_19' title="bbox 1480 3913 2128 4078">
     <span class='ocr_line' id='line_1_86' title="bbox 1957 3913 2128 3950; baseline -0.012 1"><span class='ocrx_word' id='word_1_541' title='bbox 1957 3913 2128 3950; x_wconf 55' lang='grc' dir='ltr'><strong>Μ</strong></span> 
     </span>
     <span class='ocr_line' id='line_1_87' title="bbox 1480 3988 1793 4078; baseline 0.01 -3"><span class='ocrx_word' id='word_1_542' title='bbox 1480 3988 1523 4074; x_wconf 81' lang='lat' dir='ltr'>G.</span> <span class='ocrx_word' id='word_1_543' title='bbox 1553 3990 1793 4078; x_wconf 81' lang='lat' dir='ltr'>Pannonio.</span> 
     </span>
    </p>
   </div>
   <div class='ocr_carea' id='block_1_20' title="bbox 1241 4146 1608 4221">
    <p class='ocr_par' dir='ltr' id='par_1_20' title="bbox 1241 4146 1608 4221">
     <span class='ocr_line' id='line_1_88' title="bbox 1241 4146 1608 4221; baseline 0.005 -20"><span class='ocrx_word' id='word_1_544' title='bbox 1241 4148 1327 4219; x_wconf 80' lang='lat' dir='ltr'>Epist.</span> <span class='ocrx_word' id='word_1_545' title='bbox 1345 4146 1394 4207; x_wconf 87' lang='lat' dir='ltr'>lib,</span> <span class='ocrx_word' id='word_1_546' title='bbox 1409 4146 1444 4201; x_wconf 82' lang='lat' dir='ltr'>V.</span> <span class='ocrx_word' id='word_1_547' title='bbox 1463 4167 1491 4221; x_wconf 84' lang='lat' dir='ltr'>p.</span> <span class='ocrx_word' id='word_1_548' title='bbox 1502 4149 1555 4203; x_wconf 78' lang='grc'>286</span> <span class='ocrx_word' id='word_1_549' title='bbox 1568 4167 1608 4221; x_wconf 73' lang='lat' dir='ltr'>sq.</span> 
     </span>
    </p>
   </div>
   <div class='ocr_carea' id='block_1_21' title="bbox 1139 4294 2132 4403">
    <p class='ocr_par' dir='ltr' id='par_1_21' title="bbox 1139 4294 2132 4403">
     <span class='ocr_line' id='line_1_89' title="bbox 1139 4294 2132 4403; baseline 0.004 -32"><span class='ocrx_word' id='word_1_550' title='bbox 1139 4294 1776 4398; x_wconf 77' lang='lat' dir='ltr'>ChristoplsoroPonrronio,</span> <span class='ocrx_word' id='word_1_551' title='bbox 1802 4306 1860 4403; x_wconf 82' lang='lat' dir='ltr'>(irs</span> <span class='ocrx_word' id='word_1_552' title='bbox 1876 4300 2132 4383; x_wconf 80' lang='lat' dir='ltr'>Acad.Fran-</span> 
     </span>
    </p>
   </div>
   <div class='ocr_carea' id='block_1_22' title="bbox 1561 4406 1709 4506">
    <p class='ocr_par' dir='ltr' id='par_1_22' title="bbox 1561 4406 1709 4506">
     <span class='ocr_line' id='line_1_90' title="bbox 1561 4406 1709 4506; baseline -0.007 -29"><span class='ocrx_word' id='word_1_553' title='bbox 1561 4406 1709 4506; x_wconf 68' lang='lat' dir='ltr'>cosm.)</span> 
     </span>
    </p>
   </div>
   <div class='ocr_carea' id='block_1_23' title="bbox 1132 4534 2132 5357">
    <p class='ocr_par' dir='ltr' id='par_1_23' title="bbox 1132 4534 2132 5357">
     <span class='ocr_line' id='line_1_91' title="bbox 1137 4534 2132 4627; baseline 0 -2"><span class='ocrx_word' id='word_1_554' title='bbox 1137 4534 1179 4627; x_wconf 80' lang='lat' dir='ltr'>S.</span> <span class='ocrx_word' id='word_1_555' title='bbox 1198 4551 1244 4627; x_wconf 86' lang='lat' dir='ltr'>D.</span> <span class='ocrx_word' id='word_1_556' title='bbox 1289 4552 1337 4625; x_wconf 90' lang='lat' dir='ltr'>Ut</span> <span class='ocrx_word' id='word_1_557' title='bbox 1352 4553 1490 4622; x_wconf 85' lang='lat' dir='ltr'>veniam</span> <span class='ocrx_word' id='word_1_558' title='bbox 1506 4557 1567 4623; x_wconf 88' lang='lat' dir='ltr'>des</span> <span class='ocrx_word' id='word_1_559' title='bbox 1582 4553 1747 4625; x_wconf 84' lang='lat' dir='ltr'>brevitati</span> <span class='ocrx_word' id='word_1_560' title='bbox 1763 4580 1919 4627; x_wconf 87' lang='lat' dir='ltr'>mearum</span> <span class='ocrx_word' id='word_1_561' title='bbox 1935 4558 2132 4627; x_wconf 73' lang='lat' dir='ltr'>literarum.</span> 
     </span>
     <span class='ocr_line' id='line_1_92' title="bbox 1138 4656 2130 4750; baseline 0.001 -26"><span class='ocrx_word' id='word_1_562' title='bbox 1138 4658 1240 4726; x_wconf 89' lang='lat' dir='ltr'>mitto</span> <span class='ocrx_word' id='word_1_563' title='bbox 1266 4656 1330 4725; x_wconf 90' lang='lat' dir='ltr'>tibi</span> <span class='ocrx_word' id='word_1_564' title='bbox 1353 4680 1515 4737; x_wconf 85' lang='lat' dir='ltr'>cannen,</span> <span class='ocrx_word' id='word_1_565' title='bbox 1540 4656 1664 4750; x_wconf 90' lang='lat' dir='ltr'>inquo</span> <span class='ocrx_word' id='word_1_566' title='bbox 1682 4657 1784 4746; x_wconf 81' lang='lat' dir='ltr'>longa</span> <span class='ocrx_word' id='word_1_567' title='bbox 1802 4658 2046 4743; x_wconf 85' lang='lat' dir='ltr'>suntitiners,</span> <span class='ocrx_word' id='word_1_568' title='bbox 2071 4659 2130 4725; x_wconf 84' lang='lat' dir='ltr'>sed</span> 
     </span>
     <span class='ocr_line' id='line_1_93' title="bbox 1136 4750 2129 4850; baseline 0.001 -24"><span class='ocrx_word' id='word_1_569' title='bbox 1136 4756 1392 4845; x_wconf 80' lang='lat' dir='ltr'>elegantissime</span> <span class='ocrx_word' id='word_1_570' title='bbox 1414 4756 1598 4845; x_wconf 83' lang='lat' dir='ltr'>descripta.</span> <span class='ocrx_word' id='word_1_571' title='bbox 1650 4756 1766 4828; x_wconf 76' lang='lat' dir='ltr'>butor</span> <span class='ocrx_word' id='word_1_572' title='bbox 1781 4759 1835 4829; x_wconf 90' lang='lat' dir='ltr'>vir</span> <span class='ocrx_word' id='word_1_573' title='bbox 1848 4754 2002 4850; x_wconf 87' lang='lat' dir='ltr'>optimus</span> <span class='ocrx_word' id='word_1_574' title='bbox 2017 4771 2068 4827; x_wconf 88' lang='lat' dir='ltr'>est</span> <span class='ocrx_word' id='word_1_575' title='bbox 2081 4750 2129 4850; x_wconf 78' lang='lat'>&#39;),</span> 
     </span>
     <span class='ocr_line' id='line_1_94' title="bbox 1136 4856 2126 4931; baseline 0 -4"><span class='ocrx_word' id='word_1_576' title='bbox 1136 4872 1169 4927; x_wconf 89' lang='lat' dir='ltr'>et</span> <span class='ocrx_word' id='word_1_577' title='bbox 1195 4859 1282 4925; x_wconf 78' lang='lat' dir='ltr'>bene</span> <span class='ocrx_word' id='word_1_578' title='bbox 1306 4861 1352 4925; x_wconf 86' lang='lat' dir='ltr'>de</span> <span class='ocrx_word' id='word_1_579' title='bbox 1366 4857 1491 4926; x_wconf 89' lang='lat' dir='ltr'>studiis</span> <span class='ocrx_word' id='word_1_580' title='bbox 1509 4872 1671 4930; x_wconf 79' lang='lat' dir='ltr'>meretur.</span> <span class='ocrx_word' id='word_1_581' title='bbox 1721 4856 1908 4931; x_wconf 86' lang='lat' dir='ltr'>Gubemat</span> <span class='ocrx_word' id='word_1_582' title='bbox 1922 4860 2016 4929; x_wconf 89' lang='lat' dir='ltr'>enirn</span> <span class='ocrx_word' id='word_1_583' title='bbox 2034 4858 2126 4928; x_wconf 86' lang='lat' dir='ltr'>Aca-</span> 
     </span>
     <span class='ocr_line' id='line_1_95' title="bbox 1135 4954 2127 5052; baseline -0.001 -25"><span class='ocrx_word' id='word_1_584' title='bbox 1135 4958 1287 5027; x_wconf 90' lang='lat' dir='ltr'>demiam</span> <span class='ocrx_word' id='word_1_585' title='bbox 1304 4959 1342 5026; x_wconf 95' lang='lat' dir='ltr'>in</span> <span class='ocrx_word' id='word_1_586' title='bbox 1362 4958 1448 5027; x_wconf 91' lang='lat' dir='ltr'>urbe</span> <span class='ocrx_word' id='word_1_587' title='bbox 1466 4956 1669 5051; x_wconf 89' lang='lat' dir='ltr'>Mysorum,</span> <span class='ocrx_word' id='word_1_588' title='bbox 1695 4983 1785 5051; x_wconf 88' lang='lat' dir='ltr'>quae</span> <span class='ocrx_word' id='word_1_589' title='bbox 1799 4976 1851 5031; x_wconf 90' lang='lat' dir='ltr'>est</span> <span class='ocrx_word' id='word_1_590' title='bbox 1866 4954 2061 5052; x_wconf 72' lang='grc' dir='ltr'>ἐπώνυμος</span> <span class='ocrx_word' id='word_1_591' title='bbox 2071 4963 2127 5052; x_wconf 79' lang='lat' dir='ltr'>aqi</span> 
     </span>
     <span class='ocr_line' id='line_1_96' title="bbox 1134 5055 2126 5149; baseline -0.003 -17"><span class='ocrx_word' id='word_1_592' title='bbox 1134 5058 1247 5132; x_wconf 67' lang='lat' dir='ltr'>sever.</span> <span class='ocrx_word' id='word_1_593' title='bbox 1298 5056 1352 5127; x_wconf 90' lang='lat' dir='ltr'>Dc</span> <span class='ocrx_word' id='word_1_594' title='bbox 1367 5057 1554 5131; x_wconf 89' lang='lat' dir='ltr'>Conventu</span> <span class='ocrx_word' id='word_1_595' title='bbox 1573 5055 1777 5149; x_wconf 77' lang='lat' dir='ltr'>Augustano</span> <span class='ocrx_word' id='word_1_596' title='bbox 1798 5062 1904 5147; x_wconf 89' lang='lat' dir='ltr'>scias,</span> <span class='ocrx_word' id='word_1_597' title='bbox 1927 5084 2023 5132; x_wconf 88' lang='lat' dir='ltr'>nuuc</span> <span class='ocrx_word' id='word_1_598' title='bbox 2039 5084 2126 5131; x_wconf 91' lang='lat' dir='ltr'>cou-</span> 
     </span>
     <span class='ocr_line' id='line_1_97' title="bbox 1133 5158 2126 5255; baseline 0 -25"><span class='ocrx_word' id='word_1_599' title='bbox 1133 5162 1326 5231; x_wconf 84' lang='lat' dir='ltr'>tentionem</span> <span class='ocrx_word' id='word_1_600' title='bbox 1351 5182 1423 5229; x_wconf 87' lang='lat' dir='ltr'>esse</span> <span class='ocrx_word' id='word_1_601' title='bbox 1447 5163 1491 5230; x_wconf 90' lang='lat' dir='ltr'>de</span> <span class='ocrx_word' id='word_1_602' title='bbox 1512 5158 1657 5255; x_wconf 85' lang='lat' dir='ltr'>Synodo</span> <span class='ocrx_word' id='word_1_603' title='bbox 1681 5159 1906 5235; x_wconf 84' lang='lat' dir='ltr'>Tridentiua.</span> <span class='ocrx_word' id='word_1_604' title='bbox 1966 5160 2126 5233; x_wconf 82' lang='lat' dir='ltr'>Postulat</span> 
     </span>
     <span class='ocr_line' id='line_1_98' title="bbox 1132 5253 2125 5357; baseline -0.002 -22"><span class='ocrx_word' id='word_1_605' title='bbox 1132 5258 1152 5335; x_wconf 83' lang='grc' dir='ltr'><em>ὃ</em></span> <span class='ocrx_word' id='word_1_606' title='bbox 1174 5253 1436 5356; x_wconf 71' lang='grc' dir='ltr'><strong>αὐτοκράτωρ,</strong></span> <span class='ocrx_word' id='word_1_607' title='bbox 1469 5285 1515 5331; x_wconf 89' lang='lat' dir='ltr'>ne</span> <span class='ocrx_word' id='word_1_608' title='bbox 1538 5262 1613 5332; x_wconf 89' lang='lat' dir='ltr'>eius</span> <span class='ocrx_word' id='word_1_609' title='bbox 1629 5262 1767 5357; x_wconf 83' lang='lat' dir='ltr'>Synodi</span> <span class='ocrx_word' id='word_1_610' title='bbox 1788 5267 1929 5335; x_wconf 68' lang='grc' dir='ltr'>ἀκταία</span> <span class='ocrx_word' id='word_1_611' title='bbox 1949 5262 2125 5356; x_wconf 81' lang='lat' dir='ltr'>recipian-</span> 
     </span>
    </p>
   </div>
   <div class='ocr_carea' id='block_1_24' title="bbox 1162 5482 1972 5557">
    <p class='ocr_par' dir='ltr' id='par_1_24' title="bbox 1162 5482 1972 5557">
     <span class='ocr_line' id='line_1_99' title="bbox 1162 5482 1972 5557; baseline 0.011 -21"><span class='ocrx_word' id='word_1_612' title='bbox 1162 5483 1198 5553; x_wconf 69' lang='lat' dir='ltr'>*l</span> <span class='ocrx_word' id='word_1_613' title='bbox 1210 5482 1350 5557; x_wconf 68' lang='lat' dir='ltr'>Georgius</span> <span class='ocrx_word' id='word_1_614' title='bbox 1362 5484 1515 5556; x_wconf 64' lang='lat' dir='ltr'>fabricios,</span> <span class='ocrx_word' id='word_1_615' title='bbox 1532 5488 1647 5557; x_wconf 65' lang='lat' dir='ltr'>gesem.</span> <span class='ocrx_word' id='word_1_616' title='bbox 1658 5486 1777 5544; x_wconf 75' lang='lat' dir='ltr'>seboim</span> <span class='ocrx_word' id='word_1_617' title='bbox 1790 5486 1972 5545; x_wconf 65' lang='lat' dir='ltr'>Meum.</span> 
     </span>
    </p>
   </div>
   <div class='ocr_carea' id='block_1_25' title="bbox 0 0 2378 6022">
    <p class='ocr_par' dir='ltr' id='par_1_25' title="bbox 0 0 2378 6022">
     <span class='ocr_line' id='line_1_100' title="bbox 0 0 2378 6022; baseline 0 4"><span class='ocrx_word' id='word_1_618' title='bbox 0 0 2378 6022; x_wconf 95' lang='lat' dir='ltr'> </span> 
     </span>
    </p>
   </div>
  </div>
 </body>
</html>
