4748 6022
99 243 176 320 stt
689 236 1122 321 urtsuotattun
1171 241 1276 321 [ΑΒ.
1301 241 1347 322 Χ.
1400 243 1530 325 1⁵46.
1814 261 1819 278 “
2066 244 2143 336 278
2208 320 2211 334 ,

102 442 242 513 gressus
276 420 355 510 plus
386 413 516 488 habeat
537 412 801 488 familiaritatis.
864 410 955 484 Nam
979 426 1100 508 postea
1149 415 1292 487 insitam
1315 411 1355 486 hi
1378 416 1562 489 domestici
1591 419 1732 490 dolores
1760 421 1893 496 maiora
1922 424 2070 495 vulnera
2099 425 2137 494 io

103 537 167 595 tuo
194 545 273 592 eum
296 520 451 604 iudicio,
485 519 581 613 quod
604 533 655 589 est
677 516 924 608 gravissimum
944 516 1100 609 comple-
1149 518 1277 590 animis
1303 518 1456 599 faciunt,
1498 545 1605 613 quam
1633 523 1794 613 publicae
1823 548 1956 599 causae.
2024 524 2136 595 Video

104 638 215 697 ctere.
258 620 312 694 Ac
328 622 358 692 si
372 621 461 715 quid
476 624 521 691 de
535 618 762 690 meoiudicio
778 619 994 708 interrogas,
1019 643 1099 688 cum
1149 636 1266 692 autem
1288 620 1328 704 in
1350 620 1457 690 tantis
1481 622 1633 712 publicis
1656 618 1861 714 etprivatis
1884 627 2035 697 miseriis
2055 624 2139 698 uniss
2216 622 2219 625 ’

104 728 325 798 consuetudo
339 725 476 818 aliquot
498 728 675 792 annorum
698 721 827 805 fuerit,
860 721 898 789 in
924 744 992 813 qua
1015 718 1100 792 οὔτε
1148 748 1225 792 cam
1248 718 1352 791 ¹hanc
1379 724 1657 793 consolationem
1686 727 1791 813 nobis
1812 729 2027 818 propositam
2050 753 2137 812 esse,

104 824 181 902 ποτ’
199 828 254 902 clv
270 825 392 926 ἀγορῇ
405 820 475 917 'cleg'
495 818 678 918 ἐβάζομεν
694 818 752 919 ²),
781 817 868 894 οὔδ’
886 816 941 894 ἐνὶ
960 820 1082 917 βουλῇ
1090 849 1099 907 3
1149 849 1254 917 quam
1279 822 1375 893 Deus
1399 825 1473 914 ipse
1495 825 1600 896 nobis
1622 828 1785 910 tradidit,
1818 854 1898 899 cum
1920 831 2051 924 inquit:
2079 831 2136 899 in-

102 931 208 1002 valde
223 955 304 1001 eum
317 942 461 1023 propter
476 940 623 996 naturae
639 926 834 996 bonitatem
851 924 973 1014 diligo.
1007 923 1099 993 Nam
1148 951 1233 995 voca
1257 950 1312 994 me
1336 926 1374 993 in
1398 927 1455 995 die
1470 928 1729 1012 tribulationis,
1749 944 1784 999 et
1799 931 1945 1019 eripiam
1964 945 2019 1016 te,
2045 944 2079 1002 et
2096 945 2134 1003 tu
2181 953 2185 966 '

103 1033 219 1104 virtus
236 1033 275 1100 in
292 1056 333 1101 eo
349 1055 422 1100 non
440 1042 492 1100 est
511 1029 642 1098 iniusta
658 1042 718 1099 aut
734 1026 866 1099 adscita
880 1021 920 1120 ³)
943 1029 987 1095 ad
1008 1039 1098 1095 tem·
1148 1028 1359 1122 glorificabis
1370 1051 1436 1100 me.
1462 1027 1556 1098 Toto
1566 1029 1674 1118 igitur
1682 1029 1944 1122 pectoreDenm
1955 1047 2135 1102 aeternum

105 1158 192 1228 pus,
224 1136 285 1204 sed
305 1125 485 1225 naturas‘)
508 1144 603 1201 amat
626 1129 666 1199 in
687 1128 787 1198 omni
802 1128 917 1198 officio
934 1131 1098 1197 rnodera·
1147 1142 1283 1220 patrem
1302 1128 1439 1198 domini
1456 1131 1568 1200 nostri
1586 1129 1611 1204 l.
1626 1128 1684 1216 C.,
1706 1157 1790 1218 oro,
1815 1146 1854 1202 ut
1868 1149 1982 1205 servet
1998 1135 2137 1205 incolu-

104 1238 242 1308 tionem
257 1235 408 1303 maxime
427 1235 615 1302 salutarem
639 1231 751 1315 vitae,
776 1232 837 1299 sed
860 1230 929 1313 ita,
953 1244 993 1300 ut
1014 1253 1100 1298 con·
1149 1255 1222 1300 mes
1245 1246 1278 1301 te
1303 1245 1337 1300 et
1359 1226 1600 1300 charissimam
1624 1247 1770 1302 matrem
1790 1259 1921 1318 meam,
1950 1260 1989 1304 ac
2014 1249 2054 1305 ut
2073 1258 2136 1304 sua

105 1338 272 1409 stantiam
293 1336 570 1427 gravitatemque
586 1334 624 1401 in
640 1333 731 1401 veris
746 1332 929 1401 sententiis
946 1346 981 1402 et
996 1329 1099 1401 rectis
1150 1333 1319 1402 immensa
1342 1333 1582 1403 misericordia
1600 1341 1717 1423 pacem
1729 1331 1899 1405 Ecclesiis
1916 1351 1950 1407 et
1965 1337 2137 1428 reipubli-

104 1439 276 1519 consiliis,
293 1439 398 1508 etiam
415 1437 452 1505 in
469 1435 635 1527 periculis
651 1436 817 1506 tuendam
830 1446 971 1504 statuat.
1003 1431 1100 1503 Haec
1150 1458 1210 1502 cae
1235 1435 1414 1518 restituat,
1441 1449 1477 1505 et
1496 1435 1640 1528 quidem
1663 1458 1783 1526 spero,
1808 1460 1888 1506 eum
1906 1439 2055 1527 gemitus
2071 1463 2137 1506 no-

101 1542 201 1612 bona
230 1540 382 1610 excoluit
412 1538 572 1608 doctrina
601 1561 676 1606 non
706 1548 843 1627 tantum
875 1535 1008 1605 forensi
1038 1536 1097 1615 sed
1149 1549 1240 1605 stros
1266 1537 1513 1607 exauditurum
1536 1560 1630 1619 esse,
1670 1551 1706 1607 et
1729 1538 1970 1628 impendentes
1993 1540 2138 1608 calami-

105 1644 213 1714 etiam
238 1643 387 1712 aliarum
414 1641 597 1710 literarum
620 1653 724 1731 atque
747 1638 899 1721 artium,
931 1662 1022 1730 quae
1045 1637 1100 1704 vi·
1149 1639 1509 1728 tatesmitigaturum.
1550 1638 1659 1708 lnstat
1675 1651 1708 1707 et
1727 1635 1893 1730 epithasis
1909 1637 2136 1710 horribilium

104 1759 177 1817 tam
200 1744 408 1834 gubernent.
465 1738 513 1811 Et
539 1765 580 1809 ex
603 1741 664 1809 illa
689 1743 763 1831 ipsa
786 1739 945 1808 doctrina
967 1738 1099 1809 forensi
1149 1752 1331 1823 motuum,
1371 1766 1478 1833 quam
1515 1755 1549 1810 te
1581 1741 1839 1831 praedicentem
1874 1765 1974 1834 saepe
2005 1743 2137 1813 audivi.

104 1846 276 1918 transfert
294 1847 337 1915 ad
357 1840 438 1912 suos
452 1866 589 1926 mores,
614 1865 689 1910 non
711 1839 936 1943 calliditatem
959 1842 1019 1909 sed
1044 1840 1100 1908 iu·
1150 1838 1363 1934 Quanquam
1381 1855 1496 1912 autem
1513 1843 1713 1932 principum
1730 1856 1765 1912 et
1778 1865 1899 1931 regum
1917 1846 2054 1914 furores
2069 1844 2138 1912 mi-

108 1943 294 2042 stieiam⁸)
327 1958 359 2015 et
389 1944 623 2035 aequitatem,
661 1942 848 2010 candorem
879 1954 914 2010 et
945 1941 1101 2010 veritatis
1150 1943 1311 2011 nitantur
1331 1942 1475 2012 exitium
1502 1956 1536 2012 et
1557 1939 1725 2012 Ecclesiis
1748 1956 1781 2012 et
1810 1969 1928 2014 earum
1959 1941 2140 2037 hospiciis,

107 2072 277 2119 amorem.
330 2045 441 2138 Spero
456 2045 581 2134 igitur,
608 2043 683 2113 eius
698 2041 984 2112 coniunctionem
1006 2056 1040 2112 et
1062 2042 1099 2109 in
1150 2058 1184 2113 et
1200 2044 1403 2131 extinguere
1419 2044 1584 2112 noticiam
1602 2041 1670 2112 Dei
1692 2044 1730 2111 in
1751 2046 1854 2113 terris
1877 2059 1911 2114 et
1935 2047 2049 2116 lucem
2073 2048 2138 2114 do·

106 2151 248 2241 privata
266 2149 339 2218 vita
356 2170 497 2216 suavem
516 2146 605 2215 etin
622 2144 803 2234 republica
818 2143 941 2212 utilem
958 2143 1041 2212 fore
1059 2136 1100 2238 ⁶).
1150 2145 1343 2213 ctrinarum
1361 2158 1553 2215 conantur:
1580 2158 1716 2227 tamen,
1742 2170 1820 2214 cum
1838 2148 1998 2227 sciamus,
2025 2148 2137 2217 filium

104 2248 254 2321 Talium
280 2249 476 2319 amicorum
499 2246 739 2316 familiaritate
763 2245 872 2312 lenito
888 2240 929 2340 ⁷)
956 2245 1100 2313 moesti·
1148 2244 1217 2314 Dei
1233 2247 1412 2314 custodem
1428 2270 1500 2314 esse
1516 2243 1692 2316 Ecclesiae
1714 2269 1814 2330 suae,
1836 2262 1870 2317 et
1892 2244 1960 2318 hoc
1982 2249 2138 2319 officium

104 2352 218 2436 ciam,
244 2363 475 2444 quapropter
497 2348 658 2439 publicos
678 2359 796 2416 motus
819 2345 986 2428 afficeris,
1011 2369 1100 2438 quos
1149 2347 1287 2415 anobis
1309 2340 1521 2440 poscere*),
1545 2359 1586 2416 ut
1607 2350 1807 2438 speremus,
1833 2373 1913 2417 eum
1934 2351 2038 2419 nobis
2060 2351 2138 2440 opi-

69 2446 74 2463 '
103 2452 135 2523 si
152 2453 232 2547 quis
254 2454 339 2521 solis
358 2446 546 2520 hominum
572 2448 728 2518 consiliis
750 2460 812 2518 aut
831 2441 1101 2543 μεμψιμορίαις
1148 2449 1343 2517 tulaturum
1361 2470 1433 2517 csse
1450 2449 1554 2536 etiam
1571 2451 1796 2519 cum‘desuot
1809 2446 1965 2520 humana
1982 2452 2140 2536 consilia,

103 2556 179 2646 regi
200 2547 304 2649 aut⁸)
327 2552 444 2622 sedari
465 2574 566 2645 posse
590 2550 810 2632 existimant,
840 2573 907 2622 nae
928 2548 984 2617 illi
1005 2549 1100 2647 mul·
1149 2549 1322 2639 erigamus
1345 2572 1429 2630 nos,
1457 2564 1491 2620 et
1514 2552 1559 2619 ab
1583 2549 1659 2642 ipso
1682 2550 1852 2620 auxilium
1876 2575 2074 2642 speremus,
2106 2567 2139 2623 et

103 2669 180 2727 tum
202 2655 272 2725 sibi
301 2667 458 2728 sumunt.
511 2649 593 2722 Non
618 2653 754 2723 deseret
772 2647 868 2720 Deus
892 2647 1099 2731 Ecclesiam,
1148 2646 1215 2720 hac
1238 2676 1298 2742 spe
1324 2651 1361 2719 in
1388 2676 1429 2721 eo
1452 2653 1713 2745 acquiescamus
1738 2665 1772 2722 et
1787 2655 2019 2723 moderemini
2037 2655 2141 2724 dolo·

104 2758 137 2828 si
150 2781 253 2828 verae
269 2755 452 2827 doctrinae
468 2755 585 2825 studia
602 2768 636 2825 et
651 2752 912 2824 invocationem
937 2776 1012 2822 non
1035 2753 1114 2822 ab:
1149 2776 1235 2826 rem.
1301 2751 1413 2846 Saepe
1442 2768 1577 2824 servata
1606 2766 1658 2823 est
1678 2751 1855 2839 Ecclesia,
1891 2780 1970 2825 cum
1995 2779 2140 2848 prorsus

106 2859 279 2932 iiciemus.
330 2857 429 2929 Bene
445 2858 534 2928 vale.
1149 2857 1316 2926 omnibus
1337 2851 1503 2927 humanis
1526 2855 1666 2926 auxiliis
1690 2856 1854 2926 destituta
1870 2856 1947 2930 fuit.
2000 2856 2140 2928 Horum

794 2952 862 3032 Ph.
889 2954 942 3032 M.
1149 2972 1340 3029 eventuum
1357 2959 1569 3047 cogitatione
1583 2980 1680 3047 spem
1702 2958 1948 3040 confirmemus
1975 2973 2009 3028 et
2030 2982 2096 3034 nos
2118 2982 2138 3027 a

991 3072 997 3084 '
1149 3061 1272 3129 dolore
1292 3061 1519 3145 abducamus.
1570 3056 1667 3139 Haec
1688 3059 1731 3126 ad
1756 3071 1791 3127 tc
1815 3058 1939 3149 scripsi
1963 3061 2020 3152 pia
2050 3084 2140 3152 qua·
2228 3100 2230 3107 ν

1149 3163 1230 3230 dam
1246 3163 1337 3230 dete
1352 3161 1429 3251 ipso
1446 3159 1687 3230 sollicitudine
1702 3171 1832 3232 motus.
1875 3154 1966 3240 Oro,
1991 3175 2032 3230 ut
2045 3157 2138 3231 hanc

102 3310 140 3381 N
271 3263 278 3275 “
985 3323 1016 3341 ,,
1148 3263 1518 3332 commemorationem
1535 3260 1622 3329 boni
1640 3260 1812 3330 consulas.
1861 3258 1960 3331 Bene
1980 3277 2014 3333 et
2035 3264 2138 3333 foeli-

141 3336 174 3384 0.
191 3310 304 3386 8612.
673 3318 748 3398 (hoo
764 3343 843 3382 enno
859 3336 928 3382 eote
944 3319 1099 3400 exilium.)

110 3407 284 3437 w-
678 3413 1095 3448 m
1136 3363 1234 3457 wciter
1250 3363 1341 3433 vale.

538 3512 591 3601 N.
630 3512 684 3600 N.
750 3506 754 3514 “

160 3691 193 3754 l·
217 3686 254 3740 Ex
272 3636 433 3757 ahograpbis
451 3685 480 3739 in
501 3686 564 3738 cod.
579 3686 691 3742 Mones.
717 3685 762 3738 90.
780 3684 833 3738 No.
845 3684 905 3739 Vll.
926 3704 952 3754 p.
963 3684 1053 3740 4081).
1071 3694 1097 3739 et

205 3756 267 3812 cod.
282 3756 392 3810 Monac.
404 3755 446 3810 66.
468 3773 494 3826 p.
507 3752 596 3808 210¹).
1146 3738 1345 3864 QdQS.
1437 3805 1439 3808 .
1714 3749 1882 3830 (bocenno
1900 3760 2136 3837 anteexilium.)

103 3903 1097 4011 EpistolaChristopltoroMeicnburgprae.
1319 4007 1324 4017 Ι
1463 3907 1467 3918 ·
1574 3847 2136 4022 NON&

103 4012 244 4137 scripto
259 4009 314 4111 qd
321 4023 475 4112 patrem,
497 4008 557 4083 M
560 4006 787 4084 ichaclam
801 4007 858 4082 M
863 4008 1096 4107 aicnburg.
1698 4003 1709 4025 ·

103 4140 329 4235 charissime
348 4176 457 4254 pater.
507 4157 583 4231 Etsi
600 4172 700 4230 motu
718 4160 941 4250 publicorum
956 4162 1097 4253 pericu-
1221 4106 1310 4231 isid.
1327 4105 1815 4250 ppgssptpffioeopihtppqaaqgg
1834 4115 1945 4169 ΜΝ·
1966 4115 2090 4184 p.117b,
2110 4127 2136 4171 et

105 4266 246 4351 lorum,
275 4289 364 4358 quae
385 4265 523 4333 assidue
540 4274 623 4333 sunt
638 4262 807 4331 omnibus
821 4261 868 4330 ob
883 4262 1004 4331 oculos
1019 4263 1097 4332 val-

80 4366 152 4438 'de
178 4367 379 4451 excrucior,
405 4378 522 4434 tamen
545 4377 729 4456 postquam
748 4362 926 4445 intellexi,
948 4376 1096 4432 matrem
1580 4329 1633 4406 N·
1658 4331 1711 4409 N·

67 4452 221 4543 xrneam
248 4464 490 4538 charissimam
519 4464 717 4557 periculoso
745 4465 871 4533 morbo
891 4462 1099 4546 conflictari,
1147 4443 1191 4534 S.
1217 4461 1262 4538 D.
1314 4463 1466 4559 Difficile
1480 4484 1531 4539 est
1548 4470 1651 4539 etiam
1670 4469 1776 4554 bonis
1790 4471 1875 4540 viris
1891 4473 1929 4540 in
1948 4468 2013 4545 hac
2038 4491 2135 4550 tanta

105 4583 143 4642 et
156 4586 191 4643 te
208 4570 368 4639 maximis
387 4569 481 4637 curis
499 4567 672 4651 exerceri,
697 4567 810 4637 multo
825 4565 863 4634 in
881 4565 1016 4634 maiore
1032 4565 1111 4661 do·¹
1148 4564 1321 4637 moestitia
1338 4582 1556 4661 temporum,
1580 4570 1668 4640 etin
1685 4571 1779 4640 bello
1796 4572 1997 4662 ingentide
2019 4580 2135 4650 civili-

104 4672 187 4744 lore
209 4694 282 4740 esse
309 4671 422 4762 coepi.
484 4667 574 4739 Nam
600 4683 746 4761 propter
768 4661 931 4765 στοργὴν
954 4666 1100 4738 naturae
1149 4670 1214 4738 bus
1240 4671 1477 4756 ornamentis,
1518 4673 1562 4739 de
1590 4671 1717 4741 studiis
1753 4674 1935 4746 literarum
1968 4683 2134 4770 cogitare.

1149 4770 1218 4841 Sed
1245 4783 1364 4841 tamen
1386 4773 1578 4863 prudentes
1601 4774 1880 4848 consolationem
1907 4774 2016 4866 hanc,
2045 4809 2136 4877 quaa

140 4903 172 4971 ς)
191 4903 259 4963 cod,
274 4903 354 4958 Mon.
369 4903 413 4958 gg
431 4900 579 4975 φάγομεν,
1149 4871 1321 4943 divinitus
1343 4873 1521 4963 proposita
1544 4888 1611 4958 est,
1637 4889 1755 4946 tenere
1768 4879 1917 4966 debent,
1940 4879 2134 4957 Ecclesiam

140 4990 170 5059 s)
188 4984 536 5048 cot.1tt0n.9o.auuoa.
742 4990 745 4998 ‘
1149 4971 1216 5042 Dei
1240 4974 1333 5068 inter
1360 4969 1446 5042 haec
1466 4974 1621 5064 pericula
1645 5001 1719 5049 non
1739 4978 1963 5055 interituram
1986 5009 2079 5074 esse,
2100 5004 2134 5062 et

138 5072 168 5140 ⁴)
189 5071 259 5128 C0‘1·
276 5072 356 5127 Mon.
370 5074 413 5127 90.
430 5075 540 5129 nativa.
1005 5085 1010 5106 ¹
1149 5069 1214 5145 hac
1239 5096 1316 5166 spe,
1352 5089 1524 5167 quantum
1547 5077 1623 5155 lieri
1643 5092 1776 5172 potest,
1813 5085 1930 5153 studia
1950 5087 2132 5163 literarum

139 5159 169 5226 ⁵)
188 5158 257 5219 ⁶⁰⁶·
273 5161 351 5251 Mon.
366 5161 408 5217 ⁸⁸·
426 5165 466 5214 “d
479 5160 570 5216 ΨΜ·
588 5191 625 5204 “·
641 5164 681 5212 “f
696 5158 846 5244 ⁵⁰⁸¹⁵¹33¹¹¹s
1148 5177 1279 5248 tuenda
1300 5189 1335 5246 et
1356 5177 1511 5253 iuvanda
1531 5202 1615 5258 esse.
1666 5180 1815 5276 Semper
1837 5185 1932 5258 enim
1946 5184 2133 5276 Ecclesiae,

139 5247 168 5316 6)
189 5244 278 5314 Spero
292 5257 344 5305 etc.
358 5266 412 5300 non
426 5247 503 5301 babet
518 5246 581 5302 cod.
596 5246 675 5302 Mon.
691 5246 734 5301 88.

139 5332 168 5399 7)
189 5329 259 5385 cod.
273 5331 354 5384 Mon.
368 5331 412 5384 88.
433 5335 529 5385 lentie.

141 5413 171 5484 8)
189 5417 251 5481 regi
260 5423 312 5466 out
324 5415 421 5469 absunt
435 5433 450 5468 a
465 5415 527 5471 cod.
539 5414 620 5479 Mon,
635 5412 678 5472 88.
1179 5411 1209 5482 *)
1228 5413 1297 5470 Cod.
1311 5414 1391 5472 Mon.
1404 5415 1448 5471 66.
1465 5426 1573 5482 petere.

1259 5485 1342 5561 ts·
