4748 6022
187 366 263 445 695
784 360 1218 444 netsrontnuu
1265 362 1371 445 LlB.
1407 366 1455 447 Χ.
1506 365 1640 442 1647.
2171 363 2246 440 696

191 555 253 610 est.
305 536 465 606 Primum
484 539 527 605 de
542 536 695 608 lectione
710 540 899 629 praecipit,
923 539 1007 633 quia
1021 540 1183 610 doctrina
1233 547 1448 628 quaerantur
1469 536 1509 604 in
1532 537 1682 606 lectione
1706 531 1834 604 horum
1856 536 2049 611 librorum.
2106 532 2242 608 Dicen-

192 636 370 708 Ecclesiae
385 637 568 706 dissimilis
585 644 636 707 est
653 633 908 730 philosophiae.
946 634 1183 710 Aritbmetica
1231 639 1316 705 dum
1333 648 1385 704 est
1399 636 1525 717 etiam,
1551 638 1638 729 quid
1658 637 1704 706 sit
1718 632 1892 720 Ecclesia,
1916 639 2004 730 quid
2023 636 2238 710 differatab

192 751 226 807 et
249 737 339 805 aliae
365 752 456 807 artes
476 733 652 807 hnmanae
684 750 896 809 extruuntur
927 764 969 809 er
1001 739 1184 831 principiis
1231 720 1407 824 immi-iis,
1445 735 1530 826 quid
1556 741 1600 805 sit
1625 738 1757 807 iustitia
1783 737 1943 827 politica,
1976 738 2075 832 quid
2101 740 2237 812 iustitia

192 861 266 905 non
290 838 387 905 notis
412 862 475 907 nec
498 842 688 908 traduntur
702 839 804 909 initia
822 840 984 914 lectione.
1034 837 1184 909 Notitias
1231 837 1393 926 spiritus,
1419 836 1504 926 quid
1520 836 1753 906 ministerium
1768 839 1958 926 evangelii,
1988 840 2087 933 quid
2106 843 2236 931 cuber-

192 938 287 1008 enim
301 962 530 1007 numerorum
546 954 579 1009 et
594 941 662 1007 alia
678 942 949 1030 proportionum
965 940 1066 1009 initia
1082 965 1186 1009 cnon·
1231 936 1328 1004 natio
1350 935 1494 1024 politica
1518 949 1582 1011 etc.
1633 935 1778 1021 Tertio,
1810 940 1874 1007 etsi
1897 963 2043 1010 necesse
2070 955 2147 1026 εει,
2170 946 2235 1013 do-

192 1052 279 1109 strat
299 1037 355 1106 lex
372 1041 621 1124 naturae;·sed
638 1040 824 1131 promissio
840 1037 1026 1130 Evangelii
1042 1040 1184 1130 proprie
1231 1036 1381 1105 ctrinam
1403 1037 1536 1120 teueri3
1568 1051 1685 1105 tamen
1706 1037 1742 1105 id
1768 1061 1842 1107 non
1865 1041 1948 1108 satis
1969 1054 2034 1111 εει.
2092 1040 2234 1116 Namet

193 1140 284 1208 nulli
308 1154 486 1209 creaturae
503 1155 586 1208 nota
602 1141 689 1224 fnit,
715 1155 836 1233 estque
852 1143 1030 1211 decretum
1045 1138 1112 1208 Dei
1127 1163 1184 1208 ar·
1232 1136 1336 1206 multi
1352 1130 1470 1204 hostes
1483 1133 1550 1205 Dei
1566 1160 1641 1205 eam
1656 1151 1805 1239 norunt3
1832 1142 1891 1210 sed
1905 1154 2052 1231 oportet
2067 1147 2233 1214 accedere

192 1263 339 1320 canum,
363 1242 457 1330 quod
473 1238 569 1309 Deus
584 1264 646 1310 sua
665 1265 749 1309 voce
764 1242 943 1329 patefecit,
971 1254 1005 1310 et
1021 1241 1183 1309 mandari
1230 1237 1517 1309 consolationem.
1549 1232 1608 1305 Ad
1627 1232 1723 1308 hunc
1735 1239 1899 1309 ultimum
1914 1242 2024 1309 finem
2042 1246 2231 1315 referenda

192 1340 304 1411 literis
319 1340 434 1409 voluit
448 1364 512 1430 per
528 1353 654 1431 patres,
679 1335 869 1429 prophetas
882 1355 917 1412 et
932 1341 1121 1430 apostolos,
1149 1353 1184 1410 et
1231 1351 1282 1406 est
1304 1335 1482 1416 doctrina,
1515 1359 1561 1404 ne
1582 1351 1721 1427 peccato
1745 1352 1780 1408 et
1795 1343 1905 1410 morte
1923 1344 2088 1431 oppressi
2100 1368 2232 1434 perea-

192 1464 310 1509 curam
330 1442 586 1513 servandorum
610 1440 785 1509 librorum
802 1436 979 1511 Ecclesiae
994 1441 1182 1511 mandavit.
1229 1460 1319 1519 mus,
1344 1437 1404 1505 sed
1420 1437 1526 1505 erecti
1539 1437 1779 1509 consolatione
1793 1440 1889 1509 vocis
1902 1443 2076 1531 evangelii
2089 1446 2136 1513 de
2150 1447 2230 1516 lilio

191 1538 366 1629 Praecipit
389 1540 498 1631 igitur
519 1552 559 1608 ut
573 1541 728 1627 legamus
743 1554 778 1608 et
791 1543 982 1631 approbat,
1008 1566 1049 1610 ac
1064 1555 1184 1612 tuetur
1229 1537 1295 1606 Ilei
1310 1536 1538 1625 recipiamur,
1564 1537 1811 1624 iustiliccmur,
1835 1553 1870 1609 et
1887 1542 2085 1612 efficiamur
2096 1540 2230 1615 haere-

191 1641 307 1708 studia
323 1640 534 1707 discentium
553 1639 683 1709 literas.
733 1638 836 1709 Hanc
849 1642 1127 1712 consolationem
1143 1642 1182 1709 in
1229 1640 1290 1704 des
1313 1638 1403 1705 vitae
1424 1651 1596 1709 aeternae.
1647 1634 1750 1708 Hanc
1774 1641 2055 1711 consolationem
2070 1644 2112 1713 in
2125 1668 2231 1716 exer-

191 1741 318 1810 studiis
334 1753 523 1811 teneamus.
566 1737 704 1808 Deinde
720 1742 824 1810 tertio
841 1743 1045 1812 nonsolum
1062 1766 1183 1810 neces-
1228 1736 1320 1805 citiis
1337 1737 1587 1829 poenitentiae,
1613 1737 2229 1840 inomnibuspericulisetinquo·

189 1840 282 1908 saria
308 1852 377 1921 est,
406 1842 466 1907 sed
493 1864 533 1908 ex
563 1840 714 1909 lectione
742 1846 951 1911 sumendum
980 1857 1032 1912 est
1055 1843 1180 1911 ordine
1228 1837 1361 1906 tidiana
1383 1837 1605 1906 invocatione
1628 1840 1866 1929 experiamur,
1898 1855 2092 1917 utcrescat
2107 1847 2148 1915 in
2161 1870 2226 1917 no-

189 1964 316 2032 eorpus
331 1940 523 2017 doctrinae.
554 1938 717 2009 Discerni
732 1956 871 2032 oportet
885 1942 997 2033 legem
1014 1958 1049 2013 ct
1059 1939 1182 2012 Evan-
1227 1937 1282 2006 bis
1296 1938 1381 2007 lides
1395 1950 1430 2006 et
1441 1938 1573 2027 agnitio
1591 1941 1807 2028 praesentiae
1821 1954 1856 2011 et
1870 1942 2144 2015 misericordiae
2161 1944 2225 2017 1)ρί

188 2042 335 2130 galium,
367 2041 519 2109 discerni
544 2043 739 2109 doctrinam
759 2044 804 2109 de
822 2040 898 2112 Deo
914 2044 1037 2112 falsam
1055 2067 1181 2128 avere,
1226 2061 1307 2125 erga
1331 2061 1412 2119 nos,
1444 2052 1479 2107 et
1500 2032 1688 2110 inchoetur
1707 2041 1747 2109 in
1759 2040 1863 2109 uobis
1877 2042 1948 2111 vita
1963 2058 2116 2116 aeterna
2130 2048 2224 2119 iuxta

188 2142 341 2210 discerni
370 2153 406 2211 et
435 2143 633 2210 doctrinam
662 2144 705 2208 de
725 2139 881 2212 Ecclesia
913 2157 947 2213 et
975 2146 1019 2212 de
1049 2144 1179 2233 impiis.
1226 2138 1361 2208 dictum
1382 2135 1544 2207 liliiDei:
1578 2132 1663 2209 baec
1688 2154 1739 2210 εει
1762 2141 1834 2212 vita
1856 2156 2019 2230 aeterna,
2052 2160 2222 2238 ntegro-

188 2241 330 2324 Τειιίο,
372 2265 447 2309 ιιοιι
473 2242 556 2309 satis
584 2254 635 2309 est
660 2243 857 2311 doctrinam
884 2267 1006 2327 nosse,
1047 2244 1107 2312 sed
1135 2245 1179 2313 ad
1225 2255 1340 2321 scant,
1371 2251 1405 2307 te
1425 2238 1540 2308 solum
1562 2262 1635 2309 esse
1650 2237 1766 2310 Deum
1791 2265 1935 2325 verum,
1968 2257 2141 2338 ecquem
2157 2251 2224 2317 mi·

186 2365 290 2410 usum
314 2341 495 2410 transferri
520 2365 595 2409 eam
619 2365 759 2410 neeesse
778 2357 845 2422 est,
874 2358 909 2412 et
927 2366 1085 2412 summus
1100 2366 1179 2431 gra-
1224 2338 1312 2423 sisti,
1330 2336 1458 2421 lesum,
1477 2362 1549 2407 esse
1562 2336 1756 2412 Christum.
1782 2340 1879 2411 Haec
1894 2345 2085 2434 explicatio
2100 2363 2242 2437 osten-¹

187 2445 253 2509 dus
273 2452 322 2507 est
345 2440 539 2508 consolatio
557 2442 713 2531 oppressi
728 2457 868 2530 peccato
884 2456 1056 2512 etmorte.
1106 2443 1176 2514 Sed
1225 2439 1294 2522 dit,
1327 2436 1432 2507 Pauli
1453 2439 1586 2508 dictum
1608 2441 1789 2513 continere
1811 2443 2032 2513 utilissimam
2058 2473 2225 2518 commo·

184 2542 225 2608 in
243 2563 325 2607 vera
350 2539 567 2629 poenitentia
593 2541 700 2608 erecti
728 2542 967 2612 consolatione
992 2545 1177 2635 perfidem
1224 2539 1456 2608 nesactionem
1474 2542 1517 2607 de
1532 2541 1657 2610 ordine
1674 2555 1707 2612 et
1722 2566 1789 2613 usn
1807 2544 1960 2613 coelestis
1976 2548 2172 2620 doctrinae
2189 2565 2225 2622 et

183 2641 414 2729 recipiamur,
436 2640 562 2708 bamus
576 2640 660 2710 iusti
676 2654 711 2711 et
726 2636 892 2713 haeredes
909 2644 1000 2716 vitae
1015 2658 1177 2714 aeternae
1224 2639 1269 2707 de
1285 2638 1389 2709 initio
1405 2663 1445 2710 ac
1461 2639 1529 2709 fine
1543 2633 1664 2738 [eius].
1882 2644 1885 2649 ⁴

184 2740 387 2813 efficiamur.
417 2738 527 2814 1547.

539 2974 581 3055 C)
604 2975 653 3039 Ex
667 2979 734 3040 eod.
749 2976 824 3043 cod.
1206 2978 1209 2983 Ι
1234 2999 1302 3073 No.
1316 3000 1427 3076 4031.
1984 2932 1988 2939 Ι
2096 3028 2132 3087 7.
2150 3021 2216 3088 Oet.

552 3118 657 3192 Idem
684 3122 804 3197 aliter.
1228 3094 1440 3138 Μ
2095 3112 2217 3140 M

179 3252 301 3319 (lnitium
316 3252 386 3304 utin
402 3252 520 3319 Manlio,
537 3254 668 3322 usquead
684 3255 782 3309 verba:
798 3254 1060 3321 olls'gatEcclcss'am
1072 3258 1113 3310 mi
1122 3260 1174 3313 bos

1465 3186 1662 3303 Cruciger
1685 3192 1747 3277 ad
1764 3195 1969 3278 Menium.

330 3322 418 3373 libros
430 3322 561 3373 dr'vim'tus
572 3326 703 3388 traditos,
722 3323 769 3376 ubi
781 3335 844 3379 urst.
856 3324 896 3378 sic
908 3326 1023 3396 pergite)
1287 3343 1311 3414 †
1329 3344 1366 3398 Ε,
1379 3349 1544 3421 „gompho
1556 3352 1698 3424 ommi
1713 3355 1740 3408 pn
1754 3355 1817 3412 cop·
1830 3352 1912 3410 00¹1„
1925 3355 1991 3413 334·
2005 3358 2037 3414 ὴ
2052 3359 2107 3416 50¹·

278 3435 486 3527 Sequuntur
509 3436 644 3526 reliqua
669 3440 739 3506 ‹lno
763 3441 936 3508 membra:
977 3443 1170 3513 consolatio

178 3550 212 3604 et
228 3536 399 3605 doctrina.
453 3534 521 3602 Sed
539 3551 617 3624 post
636 3537 821 3606 lectionem
838 3541 992 3628 primum
1008 3545 1168 3613 doctrina

176 3648 310 3704 ιιιειιιεε
326 3635 566 3706 instituantur.
607 3634 753 3705 Necesse
769 3652 819 3706 est
833 3641 927 3707 enim
945 3645 1056 3711 teneri
1073 3667 1169 3713 surn-

175 3761 269 3805 mam
297 3736 479 3804 doctrinae
505 3738 686 3806 reductam
711 3738 746 3804 in
769 3739 931 3806 ordinem
957 3754 990 3809 et
1012 3744 1166 3814 velutin

175 3860 315 3927 corpus,
340 3850 375 3905 et
389 3836 541 3925 conspici
557 3837 746 3905 discrimen
761 3840 953 3925 doctrinae,
979 3867 1068 3933 quae
1083 3870 1165 3936 pro·

172 3936 249 4029 pria
266 3951 317 4006 est
331 3932 508 4005 Ecclesiae
523 3934 600 4021 Dei,
627 3952 661 4007 et
675 3938 823 4007 aliarum
838 3942 969 4015 artium
982 3965 1043 4010 seu
1056 3960 1166 4016 secta·
1210 3927 1257 4017 S·
1281 3948 1327 4020 D.
1379 3951 1590 4027 Gratissima
1612 3955 1701 4027 mibi
1717 3961 1786 4030 fuit
1803 3963 1995 4051 singularis
2015 3966 2207 4036 testificatio

171 4062 265 4109 rum.
328 4034 382 4105 Ac
416 4037 520 4105 initio
555 4038 664 4125 legem
690 4053 725 4109 et
750 4038 983 4128 Evangelium
1010 4045 1164 4115 discerni
1211 4050 1477 4125 benevolentiae
1510 4074 1589 4130 tuae
1623 4084 1702 4150 erga
1728 4087 1803 4143 me,
1844 4087 1951 4155 quam
1978 4079 2063 4136 tuae
2091 4068 2209 4137 literae

171 4152 322 4231 oportet.
389 4136 462 4206 Lex
488 4137 526 4204 in
549 4138 713 4227 decalogo
740 4141 892 4229 breviter
914 4141 1163 4234 comprehensa
1211 4169 1434 4239 peramanter
1458 4159 1607 4249 scriptae
1632 4173 1665 4228 te
1687 4157 1802 4230 adbuc
1824 4177 2034 4236 constanter
2057 4170 2208 4239 retinere

170 4255 232 4311 est.
283 4237 518 4324 Evangelium
536 4253 651 4307 autem
670 4243 809 4331 proprie
826 4259 876 4312 est
893 4247 1064 4332 gratuitae
1083 4272 1111 4320 r.
1129 4274 1162 4338 p.
1210 4255 1430 4331 confirmant.
1484 4259 1604 4350 ltaque
1622 4248 1686 4328 tibi
1701 4263 1805 4332 etiam
1820 4264 1949 4352 gratias
1964 4257 2125 4354 agendas
2139 4294 2206 4341 esse

169 4336 402 4437 [remissionis
426 4332 666 4433 peccatorum]
689 4342 890 4430 promissio,
923 4370 984 4413 seu
1004 4350 1162 4416 reconci-
1209 4351 1344 4440 iudico,
1376 4360 1470 4451 quod
1494 4361 1680 4429 intectam
1702 4365 1851 4441 nutritos,
1876 4365 1939 4457 qui
1963 4391 2063 4439 nttnc
2086 4372 2147 4441 vet
2167 4395 2205 4441 ex

168 4438 335 4517 liationis,
354 4461 444 4531 qnae
458 4443 613 4509 donantur
626 4458 770 4531 propter
784 4444 893 4512 filiurn
910 4443 989 4514 Dei.
1013 4444 1161 4516 Discen—
1208 4452 1342 4547 iniquis
1363 4459 1624 4547 suspicionibus
1647 4464 1702 4531 vel
1720 4489 1759 4532 ex
1776 4465 1872 4533 salsis
1887 4472 2129 4556 rumusculis,
2153 4473 2206 4541 vel

166 4539 204 4605 di
225 4550 307 4608 sunt
328 4552 362 4607 et
380 4541 520 4608 articuli
537 4540 637 4625 lidei,
663 4566 814 4636 qnorum
834 4556 872 4612 ut
889 4565 1023 4612 summa
1043 4548 1161 4617 brevi·
1209 4571 1353 4644 propter
1375 4559 1492 4627 nescio
1516 4562 1611 4652 quod
1630 4563 1731 4632 nullo
1748 4567 1842 4633 malo
1857 4566 1977 4636 animo
1995 4587 2060 4643 aut
2076 4574 2207 4659 studio,

167 4654 220 4709 ter
237 4635 487 4726 comprehensa
504 4657 603 4724 esset,
630 4643 829 4734 symbolum
847 4645 1079 4732 compositum
1099 4665 1160 4735 est,
1206 4656 1264 4723 sed
1280 4650 1424 4725 fortasse
1438 4683 1512 4727 non
1527 4663 1610 4730 satis
1624 4667 1843 4735 considerate
1857 4683 1892 4738 et
1907 4667 1957 4737 sic
1970 4673 2058 4743 satis
2070 4697 2204 4770 γερον-

165 4741 226 4808 sed
249 4737 447 4808 testimonia
463 4755 498 4810 et
513 4743 698 4834 explicatio
714 4758 899 4813 sumantur
915 4768 954 4811 ex
973 4741 1029 4815 his
1046 4748 1158 4825 libris.
1204 4759 1314 4835 rcxoic
1346 4759 1531 4847 scriptum,
1574 4765 1722 4834 anobis
1748 4768 2013 4857 abalienantur3
2056 4775 2204 4866 quidam

162 4838 308 4910 Necesse
324 4852 393 4922 est,
418 4841 615 4912 doctrinam
631 4846 811 4934 propriam
827 4839 1005 4915 Ecclesiae
1023 4852 1066 4916 de
1081 4847 1157 4920 Deo
1204 4855 1309 4924 etiam
1332 4858 1448 4948 palam
1469 4862 1574 4932 nobis
1595 4867 1718 4935 acerbe
1742 4868 1969 4943 maledicunt.
2023 4870 2101 4943 Nos
2118 4900 2202 4946 vero

162 4941 316 5009 discerni
331 4941 376 5009 ab
392 4934 543 5027 ethnica,
568 4944 744 5024 videlicet,
766 4969 812 5014 ne
828 4969 848 5014 a
863 4971 947 5016 vero
962 4944 1039 5018 Deo
1054 4953 1155 5021 aber·
1203 4955 1289 5047 quid
1315 4958 1355 5026 in
1380 4954 1445 5028 bac
1467 4986 1586 5034 rerum
1610 4967 1769 5036 omnium
1788 4968 1878 5039 tristi
1894 4972 2107 5044 confusione
2123 5000 2203 5067 aga-

55 5084 57 5088 ·
162 5064 297 5125 remus,
327 5055 358 5110 et
378 5057 418 5112 ut
432 5058 589 5113 nostram
607 5045 869 5115 invocationem
885 5048 929 5116 ab
945 5044 1083 5120 ethnica
1100 5076 1156 5122 se·
1202 5057 1305 5125 mus?
1357 5057 1480 5148 Quid?
1506 5066 1574 5134 nisi
1599 5082 1638 5137 nt
1657 5067 1815 5138 miserias
1832 5083 1987 5156 nostras,
2012 5099 2107 5168 quas
2122 5102 2200 5170 pec.

145 5142 360 5229 „inngamus
409 5142 509 5214 Scire
533 5159 673 5236 oportet
692 5157 763 5213 tres
785 5170 859 5216 esse
876 5172 1044 5238 personas
1059 5153 1154 5221 divi·
1201 5157 1288 5226 catis
1310 5163 1441 5231 nostris
1465 5167 1567 5235 nobis
1588 5191 1710 5236 omnes
1729 5171 1994 5253 accersivimus,
2025 5190 2060 5246 et
2075 5174 2198 5250 Eccle-

161 5241 294 5325 nitatis,
310 5254 442 5331 patrem
458 5260 653 5327 aeternum,
671 5245 797 5330 lilium,
818 5247 881 5340 qui
899 5264 951 5321 est
966 5243 1074 5350 λόγος
1088 5249 1153 5325 καὶ
1201 5257 1331 5329 siarum
1362 5275 1496 5332 tantam
1528 5267 1784 5358 qarassationem
1815 5272 2060 5364 deploremus,
2093 5294 2130 5350 et
2158 5306 2196 5351 er

160 5337 270 5414 claein
293 5337 410 5425 ἀΐδιος
425 5340 550 5416 ἀϊδίου
564 5339 721 5436 πατρὸς,
749 5361 783 5416 et
797 5348 960 5434 spiritum
976 5367 1149 5424 sanctum.
1201 5358 1265 5425 imi
1285 5364 1434 5450 pectoris
1450 5368 1637 5452 gemitilms
1654 5384 1688 5438 et
1702 5373 1862 5462 suspiriis
1878 5397 1895 5439 a
1910 5370 1997 5459 Deo,
2015 5395 2119 5468 parce
2135 5383 2200 5452 do.

158 5442 296 5511 liorum
317 5444 569 5533 descriptiones
580 5452 625 5516 ἐι
639 5445 840 5516 testimonia
854 5448 900 5517 de
917 5452 1149 5538 patefactione
1198 5459 1291 5529 mini
1307 5465 1421 5534 nostri
1438 5464 1516 5537 lesu
1531 5462 1681 5554 Christi,
1707 5466 1835 5541 borum
1852 5474 2046 5547 vulnerum
2062 5496 2097 5552 ει
2111 5508 2197 5554 con-

1215 3494 1427 3573 Reecrmdo
1448 3503 1542 3592 viro,
1573 3505 1772 3579 eruditione
1791 3518 1824 3580 ct
1842 3510 1978 3607 pictate
1995 3518 2213 3611 praestanti,

1217 3598 1252 3676 d.
1277 3600 1305 3671 I
1311 3614 1416 3674 usto
1440 3602 1619 3695 Manio,
1642 3611 1790 3707 pastori
1802 3608 1993 3683 Ecclesiae
2013 3612 2211 3689 Gothum

1215 3712 1247 3772 sl
1269 3701 1435 3775 aliorum
1455 3704 1708 3779 Ecclcsr'arum
1733 3712 1772 3781 ia
1791 3708 1829 3782 T
1828 3713 1981 3809 eringio
2007 3717 2210 3819 inspectori,

1371 3805 1577 3878 amicosne
1599 3812 1726 3885 aurbs.
1747 3805 1792 3885 C.
1813 3805 2053 3910 Cruciger.
