4748 6022
192 260 269 348 s'rr
479 251 484 265 ’
774 279 1645 369 ar1sronanoun1n.x.1ser.

208 444 275 518 No.
302 445 414 523 3724.
489 440 492 445 ⁴
1032 466 1089 546 (m.
1103 461 1187 546 len.)
1238 459 1305 531 No.
1321 458 1432 534 3725.

202 540 415 582 NON
1014 555 1417 591 mm

513 600 564 688 G.
587 603 867 692 Buctotzero.

293 757 674 836 &MffiWpfflq
749 790 759 806 κ

1528 666 1597 751 Μ.
1623 666 1941 781 Meienbargio.

1339 824 1705 901 &Mffifflpffim

194 906 419 983 Venerando
436 909 481 985 V
476 912 542 1002 iro,
568 914 770 990 eruditione
784 930 816 990 ct
834 921 962 993 virtute
977 923 1188 1044 praestanti
1237 974 1479 1053 Michaell·
1518 979 1855 1081 Meienbmgio
1932 978 2077 1055 8888818·
2108 975 2229 1056 Nort-

189 1007 378 1101 Domino,
403 1009 604 1112 Georgia
630 1016 939 1107 Bocholtzer‚
970 1019 1186 1146 Praeposito
1658 1081 1806 1159 humo
1864 1037 1874 1068 ³

190 1122 224 1182 et
247 1108 401 1186 Pastori
413 1114 603 1190 Ecclesiae
618 1118 697 1191 Dei
718 1123 758 1193 in
781 1125 868 1195 orbe
884 1124 1018 1198 Arctoa
1038 1125 1186 1200 Berole-
1807 1142 1817 1163 ⁰

507 1222 628 1310 nansi,
654 1224 772 1295 amico
787 1251 865 1297 suo.
900 1273 904 1279 =
1236 1216 1280 1306 S.
1308 1234 1352 1306 D.
1392 1235 1485 1308 Cum
1500 1239 1591 1309 istuc
1606 1241 1827 1331 profecturus
1844 1250 1934 1309 esset
1947 1234 2018 1308 Dn.
2035 1232 2080 1307 D.
2094 1227 2123 1300 I
2121 1254 2229 1303 onos:

190 1345 223 1436 S
260 1363 295 1437 D
358 1366 392 1438 Τ
631 1375 653 1391 ··
777 1377 810 1394 ··
1095 1381 1105 1398 ·
1237 1364 1312 1409 non
1328 1341 1429 1429 potui
1443 1342 1571 1410 faeere:
1599 1343 1687 1434 quin
1702 1344 1820 1412 literas
1835 1341 1881 1411 ad
1896 1361 1959 1409 vos
1974 1339 2107 1421 darem,
2131 1335 2231 1407 testi-

223 1411 239 1463 ι’
296 1421 306 1440 ⁰
393 1368 834 1463 otaEvangehldocmna
853 1402 1021 1449 arcanum
1037 1377 1185 1450 Delde'
1236 1441 1366 1510 ficandi
1382 1441 1452 1510 mei
1468 1443 1577 1511 studii
1593 1467 1696 1513 eausa
1714 1467 1794 1533 erga
1809 1466 1882 1512 vos.
1933 1437 2010 1529 Ego
2026 1438 2122 1506 enim
2140 1435 2231 1505 ami-

188 1473 1048 1673 gggffioeghshssglfilslffcegrzau,³3:³3ssssssss
1064 1483 1184 1673 3]ξὲἑῖ
1237 1523 1355 1612 citiam
1370 1557 1522 1613 vestram
1536 1559 1681 1637 propter
1695 1546 1910 1635 singularem
1927 1543 2095 1611 virtutem
2111 1551 2146 1609 et
2159 1532 2231 1608 hu-

189 1672 331 1740 consilii
347 1668 507 1764 Angelus
531 1677 675 1753 dicitur.
725 1679 798 1751 Nec
818 1683 901 1753 licet
923 1685 990 1754 ulli
1004 1700 1184 1756 creaturae
1237 1659 1443 1764 “falulatem
1465 1659 1617 1716 vestram
1640 1648 1730 1717 f⁸⁰¹⁰
1753 1649 1934 1765 Pl¹¹f¹¹f¹¹‚·,
1950 1665 2135 1814 aehspefq’
2166 1661 2231 1710 νοῦ
2257 1786 2272 1798 ,

1236 1770 1390 1815 vrcrssrm
1417 1771 1492 1816 non
1516 1744 1708 1818 abhorrere
1734 1751 1779 1819 ab
1804 1761 1958 1818 amrertra
2006 1765 2135 1813 ommis
2158 1755 2231 1812 lam

1236 1862 1394 1918 amanter
1408 1872 1447 1918 ac
1462 1863 1534 1919 tam
1550 1845 1744 1920 honorifice
1759 1853 1803 1920 de
1819 1850 1921 1920 vobis
1938 1845 2132 1919 sentientis.
2174 1839 2230 1912 De

1234 1946 1307 2021 Dn.
1327 1950 1428 2023 Doct.
1451 1945 1550 2019 Iona
1581 1975 1644 2041 ego
1675 1952 1773 2022 velut
1800 1950 2013 2021 domesticus
2035 1946 2133 2016 testis
2157 1967 2230 2013 esse

1235 2075 1396 2143 possum,
1426 2066 1599 2122 summam
1624 2054 1698 2123 eius
1722 2076 1801 2143 erga
1824 2076 1888 2122 vos
1908 2050 2129 2120 voluntatem
2144 2067 2228 2114 esse.

188 1772 385 1865 quidquam
406 1776 445 1843 in
465 1800 506 1845 eo
532 1780 671 1850 decreto
693 1796 841 1856 mutare.
892 1782 977 1855 ldeo
1000 1812 1182 1881 nunquam

185 1875 287 1943 volui
304 1899 397 1945 nova
413 1879 575 1967 dogmata
590 1881 741 1970 gignere,
756 1886 815 1953 sed
831 1885 891 1976 pio
907 1889 1026 1956 studio
1043 1903 1076 1959 et
1090 1892 1182 1960 bona

185 1976 401 2048 conscientia
436 1981 594 2074 quaesivi
626 2007 745 2053 veram
772 2000 806 2056 et
829 2001 983 2058 veterem
1008 1987 1184 2061 Ecclesiae

187 2079 399 2147 doctrinam.
450 2078 499 2151 Et
522 2106 603 2152 cum
628 2085 733 2155 initio
752 2089 858 2158 motis
873 2092 1182 2183 disputationibus,

185 2177 349 2247 doctrina
365 2181 558 2252 admodum
573 2186 739 2278 dissipata
757 2204 855 2274 esset,
880 2206 915 2262 et
930 2196 1039 2265 multa
1055 2220 1075 2265 a
1090 2197 1182 2266 mul-

184 2279 232 2350 tis
251 2279 445 2370 improprie
461 2285 680 2372 dicerentur,
704 2291 936 2363 miscerentur
953 2297 1058 2365 etiam
1074 2323 1183 2391 quae-

185 2381 267 2449 dam
283 2375 497 2471 horridiora,
521 2387 637 2457 aliena
652 2392 697 2460 ab
711 2386 920 2483 Evangelio,
947 2399 1071 2489 collegi
1085 2424 1182 2469 sum-

183 2505 280 2550 mam
303 2484 485 2555 doctrinae
509 2501 544 2557 et
566 2492 711 2582 proprio
733 2517 809 2563 eam
826 2519 987 2567 sermone
1005 2524 1181 2593 exponere

183 2583 321 2669 studui,
347 2586 470 2680 fuique
491 2592 636 2660 caeteris
654 2588 816 2666 hortator
832 2600 877 2667 ad
894 2603 1080 2671 amandam
1096 2629 1181 2696 pro-

182 2685 378 2778 prietatem,
397 2712 569 2785 speroque
584 2689 680 2764 hunc
694 2721 813 2768 meum
829 2700 988 2771 laborem
1004 2704 1180 2798 aliquam-

181 2788 245 2857 diu
269 2788 374 2859 etiam
396 2786 634 2866 Ecclesiarum
659 2802 867 2871 concordiae
889 2803 927 2872 in
948 2806 1069 2874 multis
1092 2808 1180 2877 locis

179 2890 370 2981 profuisse,
402 2915 442 2961 ac
462 2898 676 2969 conscientia
694 2896 802 2972 huius
820 2929 917 2974 meae
934 2907 1126 2979 voluntatis
1140 2934 1180 2980 ac

181 2990 380 3061 sedulitatis
401 2989 492 3062 mihi
507 2995 676 3068 nonnihil
693 3004 853 3073 dolorem
869 3002 936 3076 hoc
955 2986 1179 3100 temporele-
1394 3071 1403 3087 ,
1457 3070 1492 3138 ,d
1866 3083 1881 3139 t
1936 3091 1956 3135 0
2026 3065 2119 3133 idem
2133 3057 2227 3130 mihi

179 3093 247 3164 nit.
299 3089 373 3161 Nee
389 3094 460 3160 mei
476 3096 663 3167 dissimili,
676 3125 753 3188 “⁰3
787 3107 1090 3200 quicunquebelli
1105 3113 1179 3181 exi·
1231 3071 1466 3162 faeereaquur
1511 3093 1585 3137 non
1603 3091 1864 3158 gravamrn1.u
1895 3089 1936 3155 eg
1976 3091 2023 3159 qu

167 3191 241 3260 ‘tus'
261 3191 345 3270 erit,
377 3192 408 3259 si
431 3193 569 3280 vivam,
595 3200 711 3270 dicam
726 3208 906 3276 moderate
919 3232 1019 3279 veras
1034 3226 1177 3282 senten·
1231 3173 1419 3263 mmm*
1444 3185 1657 3289 ‘immun‘
1678 3165 1905 3341 h1³3⁰¹¹¹¹⁸l¹d
1924 3160 2224 3337 δωῗωὲῒηῦἓ]

180 3291 248 3359 tias
271 3308 305 3362 et
320 3288 498 3364 Ecclesiae
520 3303 741 3376 necessarias.
791 3302 870 3376 Etsi
888 3322 1005 3378 autem
1024 3315 1178 3384 delector
1229 3270 1426 3347 M‘mam
1447 3273 1646 3341 ⁶⁰¹¹feral¹⁵'
1731 3296 1796 3341 ⁰¹¹²
1815 3296 1856 3341 va
1873 3284 1939 3341 Εἶθ’
2027 3323 2035 3339 ·
2078 3289 2103 3363 Ρ
2156 3288 2183 3358 ff

178 3391 296 3460 officio
319 3408 454 3480 vestro,
479 3402 575 3490 quod
597 3404 640 3471 ,d
658 3428 715 3472 m,
729 3406 909 3477 interdum
926 3413 1097 3500 scribitis,
1123 3430 1177 3486 ,a-
1229 3373 1379 3471 bargum
1400 3387 1434 3443 et
1450 3370 1552 3444 Doct.
1571 3365 1796 3444 Cumanum
1817 3396 1905 3442 mers
1925 3373 2042 3441 verbrs
2057 3390 2225 3439 reveren-

175 3514 261 3561 men
282 3494 326 3561 de
343 3495 600 3570 malevolorum
614 3508 836 3577 sermonibus
852 3512 960 3581 scribi
977 3511 1070 3583 nihil
1088 3542 1176 3608 opus
1229 3492 1283 3549 ter
1297 3477 1456 3551 ⁵³¹¹¹¹³²⁰·

176 3606 240 3665 est.
290 3593 409 3664 Miror
426 3598 544 3668 aulam
561 3618 713 3673 vestram
732 3623 915 3699 tantopere
933 3615 1098 3687 delectari
1116 3643 1177 3689 eo-

176 3718 257 3765 rum
272 3698 512 3786 sermonibus,
539 3705 602 3794 qui
616 3701 706 3773 mihi
720 3709 953 3799 maledicunt,
981 3742 1060 3785 eum
1076 3715 1175 3789 Isle-

176 3793 278 3866 bium
294 3799 532 3871 mediocribus
546 3805 671 3875 officiis
687 3810 845 3879 ornarim
863 3828 898 3884 et
911 3818 1035 3887 vestris
1050 3816 1175 3892 Eccle-

175 3899 237 3969 siis
254 3915 288 3971 et
305 3895 512 3973 hominibus
528 3906 598 3974 mei
614 3907 751 3979 labores
767 3935 869 4005 saepe
885 3919 1096 4006 profuerint.
1133 3922 1174 3994 si
1226 3947 1293 4019 No,
1308 3949 1421 4019 3726,
2072 3965 2103 4022 1.
2118 3952 2206 4019 Febr.

1235 2280 1310 2324 ram
1326 2257 1359 2325 ei
1375 2271 1526 2327 vestram
1543 2257 1759 2343 detuleritis,
1788 2259 1848 2326 sed
1865 2257 1904 2324 in
1920 2254 1981 2322 illo
1997 2251 2158 2341 negotio,
2183 2251 2229 2319 de

1235 2382 1305 2449 quo
1329 2359 1584 2450 loquebamur,
1614 2358 1834 2449 temporibus
1857 2374 1892 2430 et
1910 2355 2097 2448 iniquitate
2116 2364 2230 2422 certo-

1233 2483 1312 2528 rum
1332 2455 1520 2529 hominum
1535 2483 1598 2529 vos
1614 2460 1792 2550 impediri.
1842 2458 1947 2529 Nunc
1962 2480 2024 2525 vos
2041 2450 2228 2524 adhortor:

1232 2575 1272 2631 ut
1295 2561 1406 2630 amice
1428 2576 1463 2632 et
1485 2561 1565 2631 talis
1588 2561 1657 2630 viri
1676 2585 1778 2632 causa
1802 2585 1877 2630 non
1891 2554 1984 2628 nihil
1998 2557 2229 2649 pugnandum

1234 2686 1306 2733 esse
1332 2689 1411 2732 cum
1427 2663 1610 2732 malevolis
1626 2663 1805 2748 statuatis,
1831 2661 2038 2755 praesertim
2054 2682 2136 2729 cum
2150 2679 2227 2727 rem

1233 2765 1479 2857 aequissimam
1501 2777 1597 2856 petat
1613 2759 1745 2840 Ionos.
1795 2762 1844 2836 Et
1870 2778 1921 2834 est
1942 2762 2229 2876 indignumnta-

1233 2870 1302 2938 lem
1325 2868 1442 2936 virum
1464 2867 1513 2935 sic
1538 2870 1691 2936 exerceri
1706 2869 1751 2937 ab
1767 2867 1863 2951 aliis,
1894 2865 2059 2957 aquibus
2079 2863 2226 2930 minime

1232 2970 1400 3062 oportuit.
1458 2966 1498 3038 Si
1527 2969 1614 3060 quid
1635 2964 1726 3037 mihi
1748 2967 1924 3046 tribuitis,
1956 2988 1996 3034 ae
2018 2987 2097 3032 mea
2121 2983 2226 3031 causa

1908 3570 2110 3668 Philippus.

1234 2150 1283 2224 Et
1306 2155 1452 2245 exposui
1473 2157 1506 2225 ei
1529 2155 1732 2248 aliquoties,
1764 2179 1870 2248 quam
1894 2165 2052 2222 amanter
2066 2171 2129 2218 vos
2144 2171 2230 2239 ope-
2330 2187 2333 2191 ·

175 4002 283 4072 vultis
306 4002 386 4093 plus
409 4027 481 4072 esse
505 4010 760 4096 certaminum,
794 4028 827 4084 et
844 4041 992 4088 menon
1010 4023 1173 4096 desinent
1234 4045 1406 4075 Μ
2049 4041 2215 4073 Μ

172 4102 254 4172 istic
280 4126 472 4193 provocare
499 4107 628 4201 aliqui,
666 4113 829 4183 refutabo
859 4120 1003 4189 tandem
1027 4127 1171 4215 publico
1303 4152 1305 4157 ’
1619 4135 1657 4220 Ι.
1685 4131 1830 4221 lonae.

173 4205 305 4296 scripto
328 4229 452 4275 eorum
476 4209 772 4287 maledicentiam.
833 4215 932 4305 Quid
957 4237 1009 4292 est
1032 4229 1171 4315 vanius,
1293 4292 1440 4365 1888888.
1456 4293 1505 4350 „L
1543 4297 1628 4357 ,ise
1645 4292 1827 4365 (88888088,
1845 4293 2079 4367 phamas.)
2102 4326 2138 4340 -
2159 4297 2217 4351 Ite·

170 4330 279 4400 quam
296 4310 392 4399 quod
411 4310 542 4379 somnii
558 4335 661 4382 causa
677 4339 734 4384 me
749 4317 1035 4392 calumniantur?
1076 4327 1169 4400 Nolo
1327 4382 1389 4416 rum
1410 4362 1438 4417 5,
1455 4363 1510 4419 Kin
1530 4368 1642 4421 erratui
1658 4367 1793 4422 northon
1811 4365 1910 4421 stratui
1927 4383 1954 4436 p.
1971 4364 2033 4424 129.
2047 4373 2073 4417 et
2090 4364 2119 4416 in
2133 4363 2216 4420 hor.

169 4409 257 4480 tales
278 4409 425 4479 fabellas
441 4412 487 4480 ad
503 4435 560 4482 me
574 4416 693 4489 scribi.
743 4415 798 4487 De
813 4410 932 4491 Coena
947 4419 1114 4509 Domini,
1138 4432 1169 4500 si
1325 4431 2217 4492 heinhardieommenmionedevitaetobi¹u1u⁸¹i¹0me

171 4509 235 4604 qni
252 4510 331 4579 istic
348 4513 629 4601 tumultuantur,
654 4542 801 4589 menon
818 4524 1043 4601 admisceant.
1094 4525 1168 4600 Ex·
1324 4501 1808 4643 {diussb'giiiffsslocd'pfflg}
1821 4502 2036 4627 h⁹⁰iilhhioh
2052 4500 2216 4629 etithlhlh

168 4623 221 4683 tat
247 4634 325 4681 mea
351 4617 544 4701 sententia,
575 4643 665 4710 quae
690 4644 766 4690 non
791 4623 939 4715 impedit
966 4627 1003 4695 in
1030 4631 1167 4703 actione
1323 4659 1349 4713 e·
1364 4642 1405 4695 11.
1441 4700 1450 4708 .

167 4712 424 4788 adorationem.
475 4715 546 4789 Sed
563 4744 627 4789 oro
643 4745 706 4790 vos
720 4736 760 4793 ut
774 4728 947 4800 moneatis
961 4729 1043 4798 illos
1058 4734 1168 4803 male·
1559 4792 1587 4866 d
1695 4794 1703 4815 ,
1718 4793 1760 4866 E
1877 4783 1930 4868 Γ.
2002 4796 2010 4817 ,
2054 4791 2086 4869 S
2112 4794 2188 4870 Γ,

167 4813 289 4900 dicos,
320 4839 365 4885 ne
389 4841 528 4888 causam
551 4824 764 4912 praebeam,
788 4839 828 4896 u,
845 4852 949 4919 cogar
968 4856 1023 4900 me
1040 4835 1166 4905 adver·
1218 4787 1249 4862 I
1254 4803 1359 4865 usto
1383 4791 1532 4868 Ionae
1585 4806 1700 4868 oceatr
1760 4820 1970 4899 congeram
1994 4824 2033 4869 aa
2085 4823 2216 4877 ornes.

165 4939 228 4988 sus
249 4917 344 5008 ipsos
365 4919 518 5009 publicis
535 4923 672 5014 scriptis
689 4926 792 5001 tueri.
843 4928 971 5002 Potero
989 4929 1166 5007 honestis·
1216 4922 1263 5013 S.
1289 4941 1335 5017 D.
1386 4942 1585 5015 Meministi
1606 4941 1766 5015 Hesiodi
1786 4946 1939 5032 dictum,
1972 4947 2035 5040 qui
2057 4947 2107 5018 ait
2124 4946 2246 5018 viei-¹

166 5018 257 5089 sime
280 5030 314 5088 et
336 5042 401 5109 pro
421 5045 478 5091 me
501 5037 534 5094 et
549 5039 672 5095 contra
688 5026 769 5097 illos
783 5029 910 5100 dicere.
961 5032 1035 5105 lam
1054 5037 1093 5107 in
1108 5035 1165 5109 his
1217 5068 1283 5116 nos
1301 5046 1413 5136 magis
1428 5048 1600 5118 amandos
1616 5070 1700 5135 esse,
1724 5072 1830 5144 quam
1846 5061 2025 5140 cognatos,
2050 5049 2114 5142 qui
2129 5073 2215 5141 pro-

163 5118 335 5213 periculis
368 5123 521 5212 publicis
554 5127 664 5217 magis
696 5131 841 5200 decebat
872 5157 938 5205 nos
972 5141 1184 5211 concordes.
1216 5147 1274 5216 cul
1291 5147 1433 5222 absunt.
1470 5144 1520 5220 At
1535 5163 1658 5222 contra
1673 5174 1758 5237 nos,
1779 5150 1889 5222 vicini
1905 5149 2101 5241 Principes,
2124 5172 2215 5245 quos
2292 5226 2297 5232 ,

164 5244 251 5294 esse.
302 5221 393 5291 Nam
409 5225 439 5292 si
456 5224 594 5321 Synodi
609 5231 748 5302 decreta
765 5233 928 5322 edentur,
955 5241 1038 5309 satis
1055 5267 1164 5333 nego·
1215 5248 1388 5340 singulari
1402 5252 1519 5322 studio
1535 5252 1729 5334 coluimus,
1751 5277 1849 5324 arma
1864 5265 2107 5344 sumpsemnt:
2137 5246 2215 5321 Alii
2302 5268 2307 5275 ·

162 5321 326 5394 tiietiam
341 5326 496 5396 vobisin
511 5326 821 5404 vestrisEcclesiis
838 5337 914 5408 erit
957 5338 1066 5414 Mitto
1080 5345 1163 5416 filiis
1216 5372 1283 5422 nos
1310 5353 1487 5423 deserunt.
1552 5351 1632 5426 Rex
1656 5349 1834 5425 Doricus
1864 5352 1927 5449 qui
1955 5353 2081 5446 procul
2106 5352 2216 5440 abest,

161 5425 367 5500 versiculos.
420 5425 519 5501 Bene
532 5433 657 5507 valete.
712 5429 820 5531 Anno
840 5436 950 5518 1547.
1217 5454 1348 5528 nostris
1364 5455 1546 5527 aerumnis
1560 5457 1619 5550 pie
1635 5458 1809 5529 adficitur.
1859 5454 1962 5527 Misit
1976 5446 2110 5551 ἐφόδια
2123 5453 2216 5526 libe-
