4748 6022
54 266 161 381 ets.

59 473 127 544 No.
147 469 262 542 4088.

70 566 242 598 Μ

851 465 900 524 die
916 467 1050 530 brumae.

840 551 1052 591 Μ

371 590 374 596 ¹
415 664 479 747 Io.
510 658 714 770 Sttgetto.

132 831 222 884 Dana.
246 846 309 899 epp.
324 826 357 881 ad
372 826 465 895 Stigel.
478 842 522 892 ep.
533 823 577 876 29.
613 819 683 874 Cod.
696 817 781 872 Goth.
796 817 855 876 188.
871 837 913 890 ep.
928 818 971 873 98.

63 980 289 1060 Clarissimo
319 982 415 1066 vr'ro,
448 972 680 1063 eruditione,
698 976 828 1045 virtute
857 985 888 1044 et
922 973 1066 1069 ingenii

56 1085 243 1188 felicitate
271 1080 499 1181 praestanti,
533 1075 588 1152 D.
622 1076 650 1148 I
657 1077 806 1148 ononi
839 1074 1064 1173 Stigelr‘o,

274 1185 394 1255 amico
417 1209 485 1254 suo
512 1181 722 1261 carissimo,
750 1177 789 1250 S.
802 1175 855 1248 D.

58 1317 116 1406 Ὠ
128 1338 183 1428 τῷ
198 1324 473 1425 παντοκράτορι
492 1329 573 1424 Θεῷ
580 1379 591 1413 ,
618 1323 682 1399 καὶ
700 1329 782 1407 ταῖς
801 1320 982 1419 Modoura
998 1319 1066 1395 oei-

64 1428 179 1531 τοῦ’)
200 1431 264 1506 καὶ
279 1430 360 1525 ἐμοὶ
375 1426 539 1526 φίλτατε.
579 1425 679 1500 Olim
696 1453 754 1497 me
773 1427 905 1498 Bruma
922 1431 964 1494 de
982 1427 1063 1494 dul-

65 1538 214 1610 cissimis
229 1533 424 1628 Halcyonis
439 1533 670 1611 admonebat,
696 1555 793 1601 nunc
809 1532 854 1599 de
868 1527 1063 1621 Halcyonis

64 1643 165 1713 luctu
180 1661 236 1706 me
251 1635 529 1718 commonefacit,
549 1657 638 1726 quae
654 1634 782 1702 amisso
799 1632 949 1717 coniuge
965 1653 1063 1697 moe-

66 1743 161 1813 stitia
188 1737 360 1816 moritur,
396 1762 465 1829 qua
494 1737 600 1806 dere
628 1758 768 1818 versus,
802 1747 855 1804 est
880 1727 1064 1800 Theocriti

69 1833 262 1941 [Moschi]:

105 1932 274 2009 Ἀλκυόνος
289 1931 317 1998 δ’
332 1930 369 1998 oti
383 1929 495 1998 τόσσον
508 1930 554 1998 ἐπ’
572 1931 695 2016 ἄργεσιι
710 1933 813 2014 legero
830 1929 932 2013 [ἴαχε]
949 1924 1039 2010 κῆϋξ.

66 2040 228 2115 Proiccto
251 2041 301 2111 sic
322 2037 500 2109 Ecclesiae
523 2063 597 2107 nou
619 2050 758 2107 tantum
782 2038 877 2125 apud
894 2059 978 2118 vos,
1002 2036 1064 2103 sed

67 2145 108 2214 in
130 2137 196 2213 hac
219 2166 300 2219 ora,
331 2155 383 2223 et,
416 2154 455 2210 ut
477 2141 603 2223 audio,
627 2140 665 2207 in
700 2159 823 2226 magna
852 2134 1065 2205 Germaniae

68 2257 189 2336 parte,
212 2243 335 2332 lugent
356 2242 502 2311 exilium
528 2239 654 2332 optimi
676 2236 864 2328 Principis.
915 2235 986 2308 Sed
1009 2261 1064 2305 re·

71 2348 176 2415 ducet
212 2368 293 2412 eum
320 2340 439 2426 Deus,
472 2343 534 2434 qui
565 2356 646 2426 vota
678 2353 713 2408 et
746 2340 895 2427 gemitus
926 2351 1065 2406 nostros

68 2469 152 2516 vere
164 2444 343 2514 exaudivit
357 2467 478 2534 saepe,
503 2455 538 2511 et
554 2457 593 2512 ut
610 2463 690 2510 eum
710 2443 865 2522 reducat,
891 2453 965 2509 toto
984 2461 1064 2506 cum

69 2559 210 2641 pectore
223 2569 297 2616 oro.
348 2540 576 2625 Dialecticen,
602 2555 643 2612 nt
656 2541 811 2622 voluisti,
836 2541 950 2623 mitto,
976 2562 1065 2630 qnae

69 2673 109 2717 eo
129 2647 238 2735 magis
255 2645 406 2735 placebit
423 2645 553 2724 doctis,
579 2644 661 2736 quia
677 2642 748 2712 tuis
766 2641 1066 2711 versibusornata

69 2761 132 2822 est.
185 2745 329 2819 Gratias
345 2769 409 2835 ago
427 2745 503 2831 tihi,
529 2747 625 2837 quod
641 2767 743 2834 saepe
760 2743 901 2812 scribis:
930 2755 965 2810 et
980 2742 1066 2810 scri·

69 2850 151 2919 hain
168 2849 260 2939 ipse,
287 2847 425 2939 quoties
441 2860 576 2936 potero.
626 2843 730 2914 Nunc
748 2846 884 2913 adorno
900 2835 1066 2940 Resain-

71 2948 204 3019 tionem
228 2941 467 3016 Decretorum
493 2945 650 3039 Synodi,
682 2958 724 3016 ut
749 2945 956 3034 praestigiae
980 2967 1067 3014 con-

72 3051 278 3141 spiciantur.
327 3045 382 3118 De
398 3047 544 3116 caeteris
559 3047 665 3115 rebus
687 3047 908 3135 respondebo
925 3046 981 3113 vel
1006 3067 1067 3134 per

72 3143 289 3220 Cunrndnm
307 3149 363 3216 vel
388 3173 449 3236 per
464 3144 646 3215 Ioannem
661 3139 808 3230 Maier,
836 3146 985 3215 scribam
1004 3169 1067 3215 au·

72 3254 192 3323 licum.
243 3247 333 3317 Nam
366 3251 510 3342 qnando
542 3245 605 3317 has
634 3246 752 3317 literas
780 3262 986 3336 accepturus
1010 3247 1068 3328 sis,

73 3351 281 3423 nesciebam.
334 3348 430 3418 Bene
445 3351 532 3421 vale.
585 3348 743 3420 Salutem
765 3347 959 3417 clarissimo
979 3349 1069 3430 vim,

53 3453 244 3542 ‘sapientia
261 3464 295 3520 et
313 3451 443 3521 virtute
460 3452 673 3542 praestanti,
697 3446 741 3522 D.
758 3441 941 3531 Puntnno,
966 3463 1000 3518 et
1023 3445 1067 3520 D.

72 3551 139 3623 Do.
157 3546 353 3634 Plicardo,
380 3564 481 3644 opto,
507 3551 565 3620 cui
584 3551 714 3635 dicito,
741 3549 853 3619 filium
869 3549 937 3619 Dei
960 3551 1069 3619 bene-

72 3655 151 3724 ficio
170 3667 262 3723 recte
277 3655 413 3735 valere,
437 3666 472 3723 et
488 3653 632 3727 discere.
681 3650 751 3722 Die
766 3650 932 3725 Brumae.

818 3748 1017 3844 Philippus.

84 3960 408 3973 *aum-
441 3962 450 3968 ι
464 3961 495 3972 κιο
503 3960 608 3971 nono-0-
618 3960 638 3969 -c
647 3960 763 3970 ..ι-οι
783 3960 821 3970 0-
852 3960 924 3969 uus-1·
934 3956 1023 3969 00⁶0--
1032 3954 1068 3965 σα

906 4094 954 4152 die
971 4095 1057 4153 brutn

82 4178 252 4209 Μ
902 4184 1061 4216 Nam„

379 4276 461 4363 Ἰο.
491 4280 747 4364 Mattheaio.

142 4454 239 4509 Manlii
261 4454 358 4576 sarrap-
378 4472 406 4524 p.
423 4452 482 4506 toa
527 4451 641 4535 Epistol.
663 4452 709 4535 lib.
725 4451 757 4507 ll.
774 4472 802 4524 p.
818 4451 859 4506 56.
882 4451 957 4508 ratis.
981 4452 1066 4507 lond.

176 4524 265 4580 lib.ll.
277 4538 320 4593 ep.
345 4525 397 4603 93⁸.
416 4520 538 4642 Repetite
551 4540 579 4574 ιιι
591 4519 697 4603 Sonat.
708 4521 831 4617 Mellae.
852 4520 883 4575 P.
892 4522 912 4576 l.
928 4538 953 4590 p.
962 4521 1067 4578 646.-

178 4594 341 4666 Apographa
354 4611 382 4644 ιιι
396 4590 448 4645 cod
469 4588 622 4645 ‚Gotbanrs
637 4590 694 4644 tet.
713 4610 740 4662 p.
757 4594 795 4644 ἐι.
809 4600 834 4643 et
846 4591 909 4646 409.
926 4588 1049 4661 148874.

275 4746 332 4826 D.
353 4741 569 4820 Iohanni
591 4739 860 4819 Matthesr'o
960 4724 965 4733 Ι

72 4882 115 4973 S.
139 4896 185 4972 D.
236 4896 318 4966 Non
341 4910 393 4966 est
411 4920 546 4964 novum
562 4895 662 4965 abuti
679 4890 842 4967 homines
858 4898 962 4968 bonis
978 4898 1065 4987 legi·

71 5005 159 5083 bus,
185 5001 279 5091 qnod
304 5012 420 5067 tamm
436 5021 481 5066 ne
496 4998 612 5080 lieret,
632 4993 906 5086 Magistratuum
927 5001 1066 5091 sapien-

72 5105 176 5175 tinet
198 5099 380 5169 severitate
404 5094 588 5189 prohiberi
606 5098 767 5167 debebat.
820 5096 929 5168 Vides
948 5116 1065 5171 autem

72 5202 314 5274 infelicitatem
339 5194 447 5270 huius
463 5201 643 5291 temporis.
693 5196 766 5268 Nos
789 5201 1066 5290 pronunciamus

79 5350 287 5370 ——-——

104 5420 138 5490 *J
157 5418 244 5476 sirati
260 5436 317 5475 uon
329 5417 409 5474 habet
420 5418 510 5473 Dans.

665 281 1104 362 urtsroaanuat
1155 277 1333 356 utlax.
1386 277 1523 357 1⁶⁴7.

1121 451 1165 519 de
1184 450 1433 520 controversiis
1454 449 1761 521 matrimoniorum
1778 451 1855 520 sine
1871 452 2003 522 auxilio
2019 451 2112 541 poli-

1120 552 1181 621 tici
1197 551 1437 640 Magistratus,
1461 575 1525 619 nec
1540 575 1724 641 possumus
1739 554 1865 644 punire
1881 569 2113 622 contumaces.

1120 650 1189 722 Sed
1210 648 1295 721 haec
1310 653 1412 729 mala,
1440 665 1611 743 quantum
1628 652 1702 721 heri
1718 668 1842 745 potest,
1869 654 2018 723 consilio
2036 677 2113 720 rno-

1120 756 1303 837 deremur,
1329 756 1426 846 qnod
1451 767 1542 821 certe
1567 754 1680 822 iacere
1696 757 1832 828 studeo.
1883 752 2002 824 Placet
2022 747 2111 820 mihi

1120 868 1158 923 ιιι
1179 855 1225 923 sit
1249 854 1320 922 lex:
1347 853 1401 922 Ne
1423 855 1563 922 valeant
1579 855 1868 945 desponsationes
1889 853 2110 925 reclamanti-

1120 958 1186 1024 bus
1201 956 1415 1045 parentibus.
1467 954 1537 1024 Sed
1555 954 1592 1021 in
1607 955 1749 1044 politica
1766 956 2021 1025 consuetudine
2038 954 2112 1044 ple-

1119 1080 1247 1147 raeque
1271 1058 1361 1145 leges
1380 1058 1560 1125 interdum
1577 1053 1745 1150 ἐπιεικείᾳ
1768 1059 2003 1126 moderandae
2019 1067 2113 1125 sunt.

1119 1154 1213 1228 Ante
1234 1182 1367 1225 annum
1388 1160 1430 1225 de
1452 1180 1532 1225 casu
1558 1157 1594 1223 in
1611 1151 1743 1224 Frisia
1770 1157 2025 1248 pronunciavi,
2050 1156 2111 1223 nbi
2129 1205 2147 1236 >.

1119 1259 1284 1349 qnidam,
1311 1259 1412 1327 enim
1437 1272 1530 1326 aetas
1552 1271 1688 1328 matura
1712 1273 1746 1329 et
1770 1284 1843 1327 non
1868 1259 1944 1329 sine
1964 1257 2111 1328 consilio

1119 1373 1210 1443 erat,
1236 1360 1425 1448 despondit
1455 1359 1524 1427 sibi
1554 1360 1707 1448 puellam
1734 1361 1771 1427 in
1796 1361 1929 1429 familia
1954 1355 2113 1440 honesta,

1114 1469 1210 1552 'qnae
1231 1462 1451 1529 existimabat
1474 1461 1647 1547 insignem
1666 1462 1916 1530 contumeliam
1933 1461 2002 1529 sibi
2026 1461 2113 1536 fieri,

1119 1563 1149 1630 si
1175 1563 1262 1629 lacta
1286 1576 1375 1632 esset
1397 1562 1590 1631 distractio.
1652 1558 1699 1632 Et
1720 1585 1822 1632 causa
1846 1561 2111 1632 contradicendi

1119 1663 1219 1730 nulla
1244 1657 1390 1732 honesta
1408 1676 1493 1734 erat.
1546 1658 1594 1731 Et
1615 1663 1754 1733 iuvenis
1772 1664 1809 1732 in
1830 1663 2003 1733 sententia
2026 1687 2113 1732 con-

1118 1777 1252 1832 stanter
1266 1766 1441 1836 manebat.
1483 1762 1538 1832 lbi
1555 1778 1675 1833 contra
1692 1780 1855 1855 parentes
1868 1762 2113 1856 pronunciavi,

1120 1866 1323 1955 pracsertim
1341 1888 1420 1936 cum
1440 1867 1477 1934 in
1497 1865 1568 1933 illis
1590 1866 1676 1933 locis
1694 1866 1922 1954 Magistratus
1938 1890 2014 1935 eam
2032 1887 2112 1933 sen-

1119 1967 1265 2034 tentiam
1293 1966 1460 2035 libentius
1485 1967 1693 2036 defensurus
1718 1981 1817 2039 esset.
1868 1967 1937 2038 Sed
1962 1966 2024 2036 ubi
2048 1989 2113 2033 vo·

1120 2069 1236 2135 luntas
1250 2081 1382 2137 mutata
1399 2083 1449 2136 est
1467 2069 1504 2135 in
1518 2090 1647 2157 sponso
1665 2079 1724 2137 ant
1743 2067 1779 2136 in
1798 2091 1937 2160 sponsa,
1962 2069 2114 2137 libenter

1118 2168 1324 2258 obtempero
1341 2170 1546 2259 parentibus
1564 2169 1854 2253 reclamantibus,
1880 2171 1954 2240 sive
1975 2193 2112 2253 causam

1117 2270 1268 2337 afferant
1281 2270 1355 2337 sive
1371 2293 1442 2337 non
1461 2271 1620 2339 afferant.
1666 2266 1828 2341 Omnino
1845 2272 2034 2364 prudentia
2050 2275 2113 2339 ad·

1121 2365 1272 2439 hibenda
1290 2384 1358 2453 est,
1384 2384 1425 2440 nt
1441 2372 1478 2438 in
1494 2372 1639 2460 longum
1656 2374 1876 2457 consulatur,
1900 2397 1947 2443 ne
1962 2375 2113 2461 iungan-

1119 2486 1177 2539 tur
1193 2472 1291 2554 tales,
1318 2496 1471 2563 quorum
1489 2473 1599 2540 animi
1614 2469 1807 2544 abhorrent
1821 2501 1840 2543 a
1857 2474 2113 2544 consuetudine

1117 2585 1305 2662 perpetua,
1331 2573 1360 2640 si
1380 2573 1567 2642 mediocris
1585 2596 1687 2644 causa
1710 2587 1779 2656 est,
1806 2600 1870 2645 cnr
1885 2570 2032 2645 honeste
2053 2574 2114 2643 fiat

1118 2674 1325 2756 disiunctio,
1351 2697 1432 2741 cum
1450 2676 1547 2744 nulla
1564 2676 1740 2766 sponsalia
1757 2677 1898 2767 publica
1913 2678 2003 2747 facta
2018 2687 2112 2754 sunt,

1119 2797 1184 2842 nec
1216 2775 1359 2843 accessit
1381 2776 1602 2849 concubitus.
1650 2773 1806 2865 Regulas
1828 2778 1915 2848 alias
1940 2777 2112 2869 praescri·

1119 2876 1202 2944 bere
1225 2898 1298 2943 non
1320 2896 1483 2964 possum,
1509 2876 1592 2968 qnia
1606 2877 1903 2948 considerandum
1920 2894 1973 2949 est
1989 2878 2113 2961 ludici,

1119 2975 1254 3068 etquid
1270 2989 1405 3044 rectum
1421 2976 1485 3060 sit,
1510 2990 1543 3045 et
1560 2978 1646 3069 quid
1664 2976 1740 3046 sine
1754 2978 1920 3048 scandalo
1936 2980 2012 3048 lieri
2028 3002 2111 3071 pos-

1118 3078 1183 3160 sit;
1219 3099 1289 3167 qua
1325 3076 1363 3143 in
1389 3101 1427 3145 re
1461 3093 1495 3147 et
1526 3077 1809 3148 circumstantiae
1833 3080 2112 3150 considerandae

1119 3194 1212 3250 sunt.
1248 3175 1364 3245 Nimis
1379 3178 1460 3247 duri
1476 3192 1559 3250 sunt
1577 3194 1739 3269 parentes
1757 3192 1791 3249 et
1804 3180 1940 3262 iniusti,
1964 3181 2007 3267 si,
2032 3205 2111 3250 curn

1120 3280 1231 3362 lilius,
1257 3277 1358 3348 cuins
1375 3293 1469 3348 aetas
1485 3295 1621 3350 matura
1639 3294 1690 3349 est
1712 3282 1898 3373 coningio,
1924 3282 2113 3374 despondit

1120 3379 1188 3448 sibi
1208 3380 1364 3472 aliquam
1385 3375 1588 3467 honestam,
1613 3382 1675 3450 nbi
1698 3396 1841 3452 mutnus
1860 3397 1912 3454 est
1935 3408 2056 3469 amor,
2080 3397 2112 3451 et

1122 3494 1173 3550 est
1188 3482 1410 3551 voluntatum
1428 3482 1639 3580 constantia:
1661 3497 1778 3553 tamen
1793 3485 1998 3558 reclamant.
2024 3483 2114 3555 Lae·

1121 3584 1220 3652 ditur
1232 3595 1348 3652 nmen
1366 3606 1447 3672 pars
1462 3584 1570 3653 altera
1589 3584 1626 3652 in
1645 3608 1683 3652 re
1703 3610 1777 3653 non
1793 3586 1875 3656 levi.
1926 3584 1982 3657 lbi
1997 3583 2113 3672 Magi·

1121 3698 1295 3753 stratuum
1317 3685 1487 3753 autoritas
1510 3710 1613 3778 opem
1638 3687 1729 3755 serre
1751 3710 1881 3777 sponso
1908 3700 1942 3757 et
1965 3709 2113 3777 sponsae

1121 3787 1286 3868 dehebat3
1320 3787 1382 3853 sed
1416 3787 1443 3854 si
1481 3787 1628 3882 negligit
1658 3810 1734 3854 eam
1768 3810 1843 3855 rem
1874 3787 2113 3876 Magistratus,

1121 3888 1208 3979 qnid
1227 3887 1355 3978 poterit
1371 3889 1509 3956 cshcere
1525 3913 1592 3956 vor
1609 3883 1787 3955 Pastoris?
1812 3886 1852 3958 Si
1867 3890 2019 3985 requiris
2033 3889 2114 3980 pltr-

1119 4013 1160 4059 ra
1184 3983 1249 4057 hac
1275 3990 1319 4056 de
1345 4011 1398 4063 re,
1425 3989 1597 4071 scribam,
1623 3988 1683 4054 scd
1710 3984 1964 4078 comprehendi
1982 3990 2113 4079 regulis

1121 4111 1272 4158 resnou
1300 4085 1384 4155 satis
1413 4098 1537 4176 potest.
1596 4084 1671 4175 Ego
1682 4080 1719 4182 ⁸)
1745 4112 1840 4159 nurrc
1863 4091 2111 4162 refutationem

1121 4189 1251 4255 decreti
1278 4187 1414 4279 Synodi
1447 4183 1509 4258 De
1541 4181 1799 4281 iustificatione
1826 4192 1966 4282 publice
1993 4193 2113 4272 trado,

1122 4288 1275 4378 pericula
1300 4286 1379 4361 Deo
1406 4293 1627 4367 commendo.
1681 4289 1780 4362 Bene
1805 4292 1900 4378 vale,
1934 4293 1993 4364 die
2018 4291 2110 4364 liru-

1119 4413 1207 4459 mave.

1040 4702 1063 4758 ι’
1121 4757 1187 4830 Νο.
1207 4756 1320 4831 4090.

1367 4967 1373 4976 ’
1473 4957 1521 5049 C.
1548 4956 1762 5074 Aquilae.

1186 5140 1207 5207 †
1226 5136 1263 5191 Ει
1274 5132 1430 5210 apographo
1449 5135 1478 5192 la
1493 5137 1556 5194 eod.
1573 5128 1659 5196 Paris.
1672 5141 1710 5197 D.
1721 5141 1755 5196 t..
1766 5140 1827 5199 Μ’.

1124 5307 1323 5320 ——u-

1150 5418 1259 5491 Mra
1272 5429 1370 5494 etseq.
1383 5420 1531 5478 rothem
1544 5421 1633 5480 aaut.

2035 278 2244 395 rtex
