4748 6022
10 40 63 67 γτ

61 306 140 382 205
655 308 1089 425 EPISTOLARUM
1137 311 1243 384 LlB.
1277 313 1324 390 X.
1377 311 1504 390 1546.
2027 324 2100 395 206

89 474 153 551 M
155 475 338 551 c'ch'neli
361 477 420 551 M
424 480 719 577 eienburgio,
754 479 900 555 consuli
917 479 1037 557 Nort-
1108 477 1309 573 Augustani
1333 497 1367 554 et
1382 479 1636 557 Eichstatensis
1659 467 1832 580 occupata¹
1846 514 1929 564 esse.
1980 490 2095 562 Deum

484 580 645 657 ausano.
1108 597 1290 655 aeternum
1312 601 1448 677 patrem
1470 587 1608 657 domini
1632 591 1744 659 nostri
1764 590 1843 661 lesu
1863 588 1995 663 Christi
2021 618 2096 677 oro,

1105 701 1143 755 ut
1160 690 1332 774 gubernet
1358 702 1398 764 et
1416 690 1593 762 defendat.
1645 688 1754 760 Mitto
1777 694 1843 763 tibi
1861 694 2022 763 libellum
2038 719 2094 763 re-

1105 811 1186 857 cens
1202 784 1259 859 hic
1275 791 1420 865 editum.
1471 789 1570 859 Bene
1585 791 1674 864 vale.
1724 790 1792 861 Die
1807 794 1891 862 lolii
1906 794 1967 867 27.

1607 888 1798 985 Philippus
1819 893 2044 970 hlelanthon.

64 714 112 807 S·
139 731 185 804 D.
221 729 302 802 Etsi
318 735 421 803 multi
439 733 622 828 Principes
638 734 784 804 consilia
800 735 981 805 faciendae
993 758 1059 826 pa-

65 837 117 906 cis
133 848 325 928 quaerunt:
360 851 477 904 tamen
493 832 649 905 humana
666 836 814 905 consilia
830 861 955 928 parum
972 861 1058 927 pro-

63 936 201 1013 tectura
225 959 298 1004 esse
323 939 487 1010 arbitror.
539 937 610 1009 Sed
627 935 723 1008 Deus
745 953 927 1023 aeternus,
952 935 1057 1007 Pater

62 1034 137 1110 Dn.
159 1037 274 1106 nostri
296 1034 325 1106 l.
344 1037 403 1122 C.,
442 1041 598 1108 orandus
620 1053 691 1125 est,
723 1053 764 1109 ut
787 1036 980 1124 Ecclesias,
1017 1040 1055 1106 in

63 1140 197 1235 quibus
209 1153 311 1207 sonat
328 1164 394 1208 vox
410 1136 606 1230 Evangelii,
633 1154 666 1210 et
683 1139 843 1226 Politias,
870 1141 908 1210 in
926 1141 1055 1235 quibus

60 1241 239 1325 vivimus,
273 1240 456 1326 defendat,
490 1254 523 1310 et
548 1254 678 1326 servet,
704 1256 738 1311 et
761 1255 801 1312 ut
824 1257 955 1329 servet,
981 1267 1055 1324 oro,
1117 1247 1315 1328 N0,3521‚
1958 1259 2093 1334 27,1u1,

62 1364 103 1411 ac
119 1365 242 1432 spero,
267 1343 461 1411 mediocres
483 1342 559 1410 fore
580 1342 691 1411 exitus
710 1339 817 1413 huius
835 1345 932 1415 belli.
983 1343 1054 1415 Sed
1082 1346 1318 1415 ’,Μ
1967 1353 2094 1383 Μ

61 1445 222 1535 prolecto
246 1444 433 1512 consilium
454 1440 576 1513 Caroli
598 1441 825 1534 Imperat-oris
852 1447 998 1515 stultum
1016 1438 1053 1538 ⁴⁵)
1376 1434 1526 1520 Ioacit.
1561 1435 1817 1544 CamerariO.

61 1544 132 1615 tuit
159 1542 202 1611 de
235 1544 329 1612 bello
358 1545 546 1615 movendo.
607 1542 700 1613 Nam
727 1547 833 1615 etiam
860 1546 1054 1638 profligatis
1167 1591 1243 1660 Epist
1263 1591 1489 1665 :teanum
1516 1595 1576 1648 554.
1598 1595 1645 1664 (ed
1669 1595 1811 1650 1⁶01,qu
1833 1597 1917 1665 703).

61 1640 291 1734 Principibus
312 1645 469 1716 civitates
487 1643 701 1715 Germaniae
723 1648 913 1737 superioris
937 1648 1054 1738 potius
1244 1634 1251 1650 ⁴
1492 1633 1501 1654 ⁰
1648 1640 1656 1659 ’
1815 1638 1821 1652 ’
1886 1637 1893 1652 ’

63 1769 145 1815 cum
162 1744 336 1815 Helvetiis
352 1771 387 1816 se
402 1747 654 1816 coniuncturae
668 1761 805 1829 essent,
831 1773 937 1841 quam
956 1772 1054 1817 acce·
1099 1741 1325 1819 Clarissimo
1355 1750 1432 1822 viro
1454 1749 1655 1825 eruditione
1680 1763 1712 1823 et
1736 1752 1865 1826 cirtute
1886 1753 2097 1852 praestanti
2211 1785 2223 1805 e

60 1860 186 1937 pturae
203 1844 436 1938 Hispanicum
453 1845 658 1936 Imperium.
700 1846 741 1917 Si
757 1849 795 1915 in
813 1862 974 1918 nostrum
989 1872 1054 1938 op-
1099 1847 1123 1917 I
1131 1845 1258 1926 oncle.
1286 1843 1410 1924 Cam.
1436 1849 1550 1929 Bam.
1565 1857 1684 1925 amico
1698 1865 1728 1924 ct
1739 1854 1867 1951 fratri
1877 1881 1945 1927 suo
1961 1854 2092 1926 cariss.

59 1948 187 2039 pidum
202 1948 637 2038 adduceturpraesidium,
661 1947 753 2016 filios
767 1949 905 2019 mittam
919 1950 964 2017 ad
980 1972 1052 2019 vos.
1097 1979 1127 2068 S
1164 1998 1198 2068 D
1261 1998 1298 2069 G
1339 2003 1366 2070 t.
1452 2003 1519 2072 sb.

61 2046 171 2137 Quod
196 2073 295 2118 meae
321 2049 477 2118 familiae
500 2044 696 2139 hospitium
723 2049 876 2134 offertis,
909 2045 1054 2120 etmihi
1129 2047 1138 2067 ⁸
1200 2053 1210 2074 ⁰
1299 2026 1337 2070 ῃ
1356 2026 1425 2070 ¹³¹⁰
1470 2029 1521 2070 ¹¹

59 2173 220 2241 pannum
239 2151 401 2229 misistis,
428 2149 556 2239 gratias
572 2149 673 2217 vobis
689 2172 764 2237 ago.

163 2248 300 2317 Vinum
315 2246 450 2334 adhuc,
473 2247 539 2317 Dei
555 2249 735 2334 beneficio,
761 2250 969 2341 generosum
988 2246 1054 2319 ha-

56 2351 196 2423 bemus.
231 2349 285 2420 De
300 2350 453 2421 Doctore
467 2346 642 2418 Dracone
660 2352 782 2421 malim
798 2376 916 2422 coram
932 2353 1054 2420 vobis-

58 2474 140 2522 cum
164 2450 274 2543 loqui.
340 2448 531 2534 †Probus
555 2452 611 2519 vir
632 2465 701 2537 est,
739 2456 819 2538 sed,
852 2467 893 2524 ut
918 2465 1052 2538 metuo,

57 2553 202 2632 durior,
238 2575 345 2643 quarn
377 2554 648 2641 gubernatorem
683 2577 757 2626 esse
782 2554 871 2625 utile
896 2554 967 2625 est''
981 2549 1051 2651 ”).

59 2650 158 2723 Bene
174 2655 296 2724 valete.
346 2651 414 2724 Die
431 2653 676 2745 Magdalenae.

801 2750 1002 2849 Philippus.

1551 1998 1685 2087 habeo,
1717 2006 1813 2096 quod
1842 2007 1944 2077 toties
1957 1969 2093 2074 litteris

1097 2101 1209 2171 lenire
1233 2126 1349 2171 meam
1372 2105 1588 2174 moesticiam
1612 2107 1751 2189 studes,
1777 2109 1872 2197 quod
1888 2107 2031 2197 quidem
2049 2132 2090 2175 eo

1096 2197 1186 2269 mihi
1203 2205 1336 2291 gratius
1353 2218 1414 2289 est,
1438 2206 1522 2296 quia
1540 2231 1620 2275 curn
1635 2207 1743 2276 sciam
1756 2219 1790 2275 te
1807 2231 1948 2300 quoque
1963 2208 2000 2274 in
2015 2231 2092 2276 ma·

1096 2324 1165 2389 gno
1182 2305 1305 2373 dolore
1320 2327 1415 2388 esse,
1441 2307 1572 2375 videris
1589 2309 1721 2396 erigere
1737 2320 1771 2377 te
1791 2309 1884 2397 ipse,
1909 2323 1943 2378 et
1959 2309 2113 2396 cogita--

1096 2405 1194 2473 tione
1209 2429 1329 2473 earum
1346 2407 1654 2493 consolationum,
1680 2432 1767 2501 quas
1781 2405 1876 2477 Deus
1894 2411 2092 2499 proposuit,

1095 2506 1279 2575 tristiciam
1296 2508 1486 2578 moderari.
1520 2504 1616 2576 Mihi
1637 2511 1793 2598 profecto
1809 2509 1847 2576 in
1862 2506 1930 2579 hoc
1946 2510 2091 2600 publico

1096 2598 1211 2690 luctu,
1248 2609 1353 2675 etiam
1382 2621 1465 2677 tuus
1488 2610 1593 2679 dolor
1613 2634 1714 2701 saepe
1737 2625 1838 2699 eriget
1861 2611 2089 2709 moesticiam.

1095 2706 1166 2778 Sed
1189 2721 1225 2777 te
1249 2704 1440 2793 adhortor,
1465 2722 1506 2778 ut
1521 2713 1617 2803 quod
1632 2713 1737 2797 facis,
1765 2713 1897 2781 divinis
1913 2726 1948 2781 te
1963 2737 2089 2782 conso-

1095 2809 1288 2878 lationibus
1310 2824 1495 2881 sustentes.
1549 2810 1657 2881 Domi
1677 2814 1783 2883 etiam
1801 2808 1985 2886 honestiss.
2002 2838 2088 2882 con-

1095 2910 1185 2996 iugis
1210 2925 1291 2980 tuae
1323 2925 1356 2980 et
1389 2912 1531 2999 dulciss.
1555 2913 1750 2983 liberorum
1774 2916 2030 2983 consuetudine
2055 2929 2086 2983 te

1093 3013 1258 3084 oblectes.
1313 3011 1406 3098 lnto,
1433 3014 1592 3105 inquies,
1619 3011 1776 3082 hoscum
1793 3016 1938 3104 aspicio,
1964 3016 2087 3091 crescit

66 3081 264 3160 N⁰·3520·
907 3088 1049 3211 Q
1093 3113 1206 3181 dolor.
1258 3112 1315 3181 Fit
1333 3108 1400 3182 hoc
1417 3114 1608 3187 interdurn.
1660 3114 1730 3184 Sed
1744 3116 1850 3182 velim
1868 3116 2008 3203 cogites,
2032 3117 2086 3183 fa-

59 3182 275 3216 ww
1093 3215 1208 3281 milias
1233 3214 1373 3304 piorum
1391 3215 1470 3282 Deo
1496 3238 1600 3282 curae
1620 3238 1711 3297 esse,
1737 3215 1843 3284 etiam
1859 3218 1952 3284 iuter
1969 3214 2086 3303 lmpe·

430 3285 468 3373 Ῑ.
498 3286 668 3398 Longo.
1092 3314 1226 3382 riorum
1243 3315 1373 3386 ruinas.
1425 3311 1591 3404 Egonon
1609 3339 1705 3384 nunc
1721 3317 1875 3407 primum
1892 3318 2012 3385 dolere
2027 3320 2087 3385 in-

119 3424 345 3517 rx'anognpao
363 3446 391 3500 n
413 3445 769 3505 conseranensem
788 3445 1047 3521 uvvegsuuaen
1092 3415 1201 3504 cipio,
1236 3439 1300 3484 nee
1323 3415 1476 3507 primum
1500 3417 1569 3484 iam
1591 3415 1816 3509 Tyrannidas
1833 3419 1993 3486 tarentas
2012 3444 2084 3488 ‘³⁵⁵²

153 3516 253 3586 Progr.
266 3517 290 3572 1.
312 3533 353 3586 ep.
368 3517 392 3572 1·
1092 3517 1217 3603 cogito.
1272 3515 1344 3584 lam
1370 3518 1456 3585 olim
1475 3542 1549 3585 non
1567 3520 1673 3586 modo
1690 3519 1970 3588 adversariorum
1985 3524 2083 3590 suro·

324 3668 332 3687 .
501 3668 538 3687 ..
717 3670 724 3688 .
1043 3674 1049 3692 .
1091 3641 1163 3701 res,
1196 3619 1256 3685 sed
1289 3618 1392 3687 etiam
1422 3633 1624 3688 nostrorum
1650 3619 1734 3688 vitia
1755 3634 1788 3690 et
1811 3634 1948 3709 peccata
1971 3622 2082 3690 multa

54 3668 265 3749 Reverendo
294 3695 371 3741 rrro
402 3667 604 3740 eruditione
628 3680 659 3740 et
686 3681 816 3742 certate
837 3683 1047 3772 praestante
1090 3719 1292 3788 cruciamnt
1320 3719 1479 3788 animum
1508 3744 1647 3800 meum,
1680 3733 1720 3789 ut
1743 3721 1820 3792 scis·
1875 3718 1952 3791 Ε1ὃί
1975 3726 2083 3811 igitur

56 3766 221 3849 D⁰mm0
247 3767 457 3844 I⁰h⁰m¹¹
483 3767 693 3864 Langm’
722 3769 879 3862 ’ΜΨ
905 3770 1047 3847 them·
1092 3821 1199 3907 magis
1224 3843 1320 3888 nunc
1340 3833 1381 3889 ut
1405 3822 1442 3888 in
1468 3821 1540 3910 ipsa
1563 3817 1679 3913 κρίσει
1697 3844 1825 3909 angor,
1852 3837 1968 3892 tamen
1986 3839 2026 3893 ut
2044 3826 2082 3893 ht

53 3904 119 3977 go,
143 3874 330 3973 Episcopo
340 3869 457 3965 fideli
467 3871 635 3943 ecclesiae
650 3870 730 3943 Dei
742 3875 781 3945 in
800 3875 886 3948 urbe
902 3874 1046 3976 Ersor-
1092 3921 1100 3936 ·

353 3974 360 3991 .
506 3975 513 3990 .
722 3974 729 3990 .
1090 3945 1128 3987 rn
1153 3921 1286 3990 morbis
1308 3922 1529 4011 longioribus
1552 3924 1711 3992 animum
1733 3937 1913 4016 utcunque
1936 3950 2080 4015 praepa-

317 3973 402 4062 ὥθ’
432 3998 634 4045 ⁰⁶²⁸⁶⁰⁸u⁰
648 3998 777 4053 ‘⁰⁸⁸⁸‘
1088 4035 1204 4091 ratum
1227 4018 1353 4096 habeo.
1404 4021 1566 4117 Cumque
1590 4025 1777 4112 rogitando
1801 4026 1956 4096 decurrit
1980 4048 2080 4093 mens

56 4108 96 4203 s.
119 4127 167 4202 D.
218 4124 297 4198 Etsi
312 4152 376 4197 nec
395 4150 490 4218 spem
507 4124 623 4216 pacis,
648 4150 718 4195 nec⁴
730 4127 846 4196 studia
861 4129 1043 4202 literarum
1089 4147 1151 4212 per
1174 4125 1315 4208 omnia,
1346 4148 1436 4215 quae
1461 4126 1504 4193 de
1525 4126 1655 4194 caussis
1675 4127 1782 4211 belli,
1808 4130 1851 4195 de
1865 4124 2003 4196 Ducum
2022 4126 2077 4191 in-

56 4232 266 4315 obiecimus,
291 4242 409 4298 tamen
427 4226 710 4298 adolescentibus
727 4228 905 4321 plerisque
922 4226 1043 4304 horta.
1087 4225 1199 4311 geniis
1221 4239 1255 4294 et
1275 4225 1538 4309 voluntatibus,
1565 4229 1608 4295 de
1627 4230 1733 4296 modo
1747 4229 1831 4297 belli
1846 4228 2008 4316 gerendi,
2033 4229 2080 4293 de

41 4318 108 4405 ¹tar
127 4356 227 4417 sum,
253 4345 292 4401 nt
317 4332 373 4399 vel
392 4330 430 4398 in
447 4352 545 4397 suam
563 4327 712 4420 quisque
729 4330 900 4420 patriam,
929 4332 987 4400 vel
1003 4334 1042 4402 in
1086 4326 1199 4408 exitu,
1225 4329 1269 4393 de
1285 4325 1329 4392 iis
1345 4350 1434 4417 quae
1449 4327 1578 4397 exitum
1596 4342 1756 4399 secutura
1773 4344 1865 4411 sunt,
1891 4328 2079 4417 disputan-

56 4435 119 4507 alia
135 4435 212 4503 loca
233 4432 481 4524 tranquilliora
503 4425 585 4498 hinc
603 4429 796 4509 discedant,
823 4429 867 4500 iis
883 4455 1042 4523 praescr·
1086 4437 1163 4509 tur,
1197 4427 1376 4519 acquiesco
1410 4428 1563 4499 indicto
1589 4428 1812 4510 Gamnlielis,
1844 4431 1939 4519 quod
1963 4430 2075 4498 nosti:

53 4536 134 4621 den,
158 4536 222 4629 qui
239 4559 310 4603 non
324 4548 407 4603 sunt
421 4532 583 4601 instructi
599 4533 758 4622 pecunia.
803 4530 924 4621 Quare
944 4528 1041 4604 hunc
1086 4521 1152 4596 ἐὰν
1168 4525 1207 4608 ἐξ
1221 4521 1438 4621 ἀνθρώπων
1453 4525 1497 4600 τὸ
1512 4528 1623 4627 i'pyor
1636 4536 1747 4600 τοῦτο
1763 4523 2075 4622 καταλυθήσεται,

52 4638 304 4709 adolescentem
321 4627 522 4729 Iosephum
546 4634 589 4701 ad
615 4657 679 4702 vos
704 4634 820 4703 redire
843 4635 1040 4726 facilepas-
1085 4621 1158 4697 eidi
1182 4627 1222 4700 ἐκ
1240 4628 1335 4701 θεοῦ
1360 4626 1479 4714 ἐστὶν,
1506 4622 1874 4722 maocatvtq‘ceraa.
1923 4628 1972 4700 Εῑ
1990 4656 2073 4700 vem

53 4762 109 4811 aus
127 4762 225 4822 sum,
251 4751 286 4806 et
309 4736 457 4828 promisi
470 4759 526 4802 me
540 4747 762 4819 curaturum,
789 4735 819 4803 si
836 4736 923 4806 deus
937 4736 1040 4806 resti·
1083 4730 1215 4816 gemitu
1235 4745 1317 4821 peto
1337 4733 1467 4802 exitum
1484 4730 1661 4802 Ecclesiae
1675 4732 1742 4803 Dei
1764 4732 1971 4815 salutarem,
1995 4757 2074 4799 meo

50 4842 157 4913 tuerit
186 4862 327 4931 parem,
362 4851 402 4909 ut
431 4861 554 4929 spero,
587 4847 628 4905 ut
656 4835 874 4926 stipendium
898 4832 1038 4913 habeat.
1085 4830 1240 4919 periculo
1264 4857 1337 4900 non
1358 4835 1461 4903 valde
1484 4856 1638 4906 moveor.
1690 4832 1727 4904 Si
1750 4832 1954 4905 interfectus
1972 4859 2073 4925 prae-

10 5018 12 5025 ,
48 4938 142 5013 llaec
163 4964 243 5011 cum
270 4939 480 5023 scriberem,
513 4938 675 5006 nondum
699 4938 944 5020 audieramus,
973 4941 1037 5011 ubi
1082 4932 1174 5000 bebo
1206 4927 1399 5002 cachinnos
1427 4937 1506 5015 τοῖς
1538 4929 1845 5027 ἐπιχαιρεκάκοις,
1875 4951 1914 5009 ut
1939 4936 2072 5028 ubique

10 5028 13 5065 ἱ
46 5042 212 5119 saxonici
234 5041 335 5111 ducis
357 5055 391 5113 et
413 5039 519 5110 Hessi
539 5037 709 5106 exercitus
732 5053 860 5113 essent.
924 5038 1036 5113 Seda
1083 5033 1185 5103 multi
1216 5049 1316 5115 sunt,
1350 5059 1395 5104 ne
1423 5037 1484 5106 illa
1508 5038 1650 5132 quidem
1672 5037 1807 5108 laeticia
1831 5039 1881 5106 eis
1901 5038 2070 5106 diuturna

44 5144 195 5221 Suevico
220 5143 374 5214 exercitu
391 5142 617 5212 audieramus
631 5137 763 5230 oppida
776 5135 1036 5235 Episcopomm
1081 5133 1159 5206 erit.
1216 5133 1390 5226 Magnum
1419 5139 1523 5209 etiam
1548 5140 1711 5209 solatium
1738 5151 1789 5208 est
1815 5138 1877 5206 tali
1901 5152 2072 5228 tempore,

1081 5236 1295 5308 conscientia
1313 5252 1442 5309 rectae
1466 5240 1671 5313 voluntatis.
1733 5234 1781 5310 Et
1804 5262 1907 5329 spero
1932 5240 2072 5333 aliquos

69 5388 105 5449 ς)
122 5386 170 5443 33,
182 5387 217 5443 Α,
230 5386 285 5454 ἢ,
302 5384 350 5439 „g
364 5383 463 5440 &qm
485 5363 632 5436 ,ΝΜ
646 5381 687 5436 Ν,
696 5380 934 5450 ,mmmmm
1078 5339 1210 5408 nostris
1232 5340 1384 5414 laborib.
1402 5355 1495 5412 recte
1511 5344 1668 5412 eruditos
1683 5365 1775 5426 esse,
1801 5354 1836 5410 et
1851 5355 1992 5411 nostrae
2009 5364 2070 5408 ex-

67 5474 124 5547 st)
145 5472 229 5531 satit
247 5474 282 5528 Α.
295 5472 334 5529 ί).
1075 5439 1284 5531 plicationes
1304 5442 1415 5534 magis
1436 5444 1641 5538 perspicuae
1658 5455 1805 5528 essent„
1820 5442 1850 5511 si
1865 5465 1942 5512 non
1954 5454 2075 5539 essent
