4748 6022
184 179 263 258 287

185 376 333 425 manum
355 376 485 446 poenas
501 347 730 424 horribilium
746 357 928 440 lucorum,
954 377 1042 448 quas
1056 366 1097 425 ut
1110 349 1182 423 Ec-

187 455 315 526 clesiae
331 479 412 524 suae
426 469 460 524 et
475 456 672 546 posteritati
688 456 825 546 mitiget
839 454 952 543 Deus,
974 455 1187 545 ardentibus

186 557 282 627 votis
300 555 533 651 precemur¹).
643 627 645 632 ,

289 654 343 725 De
359 658 404 727 iis
419 659 541 740 rebus,
566 681 656 750 quae
671 657 709 725 in
723 656 872 729 Bavaria
890 673 1077 749 geruntur,
1100 670 1179 747 post

186 770 322 830 vestras
338 759 457 829 literas
473 754 566 827 nihil
584 783 802 849 acceperam,
834 784 913 830 cerm
937 755 1022 830 haec
1046 759 1180 828 scribe-

185 884 275 933 rem.
326 858 479 929 Perfidia
499 862 629 928 ducum
643 859 908 945 Hessiacorum,
934 886 1002 955 qua
1018 862 1063 930 ad
1080 855 1180 931 Rhe-

186 985 277 1034 num
298 962 464 1030 dimissus
486 973 536 1029 est
559 958 721 1050 Belgicus
744 959 946 1047 Exercitus,
987 961 1179 1054 perscripta

188 1077 261 1148 est,
301 1076 335 1132 et
355 1077 475 1133 metuo
495 1062 623 1131 similia
648 1064 815 1153 exempla.
873 1062 1111 1134 proficiscitur
1133 1062 1178 1129 ad

185 1163 264 1235 Vos
296 1164 471 1257 quispiam
496 1162 558 1255 qui
581 1186 677 1254 spem
709 1160 817 1235 habet
844 1165 1112 1255 impetraturum
1142 1186 1178 1230 se

187 1288 262 1334 esse
283 1288 412 1333 munus
428 1261 579 1332 Diaconi
592 1266 630 1331 in
647 1261 803 1334 Ecclesia
822 1280 947 1339 vestra.
999 1265 1121 1335 Bonus
1144 1277 1178 1332 et

187 1369 368 1436 modestus
391 1359 498 1433 homo
521 1379 590 1448 est,
631 1390 740 1456 quare
766 1391 846 1436 eum
871 1369 938 1437 tibi
959 1366 1177 1437 commendo.

187 1465 329 1537 Nomen
347 1468 380 1536 ei
401 1479 452 1535 est
473 1462 591 1534 Elias
610 1461 824 1540 Haasclzilt.
884 1467 987 1539 Unde
1010 1471 1040 1539 ei
1063 1467 1179 1535 adful-

190 1569 275 1637 serit
291 1566 376 1638 haec
392 1590 487 1659 spes,
512 1567 650 1658 ignoro.
699 1567 797 1640 Bene
813 1570 907 1642 vale.
946 1573 1004 1642 16.
1017 1571 1179 1661 Septem-

189 1661 324 1765 bris2).

695 1767 884 1861 Philippus
901 1767 1127 1845 Melanthon.

188 2101 254 2175 No.
280 2103 413 2175 5561.-

1019 2114 1077 2175 16·
1091 2105 1176 2187 Sept.

193 2198 408 2237 Q
1008 2196 1178 2221 »σω

527 2279 578 2368 V.
606 2280 842 2365 Theodoro.
943 2309 946 2313 ’
1034 2276 1040 2281 ’

256 2449 334 2503 Edita
349 2471 362 2504 a
377 2453 509 2505 Sauherto
523 2454 550 2507 in
566 2454 681 2523 append.
697 2473 756 2525 epp.
789 2455 837 2507 lib.
854 2453 899 2510 lV.
919 2473 945 2525 p.
963 2455 1003 2509 18.
1023 2485 1059 2495 -
1083 2455 1134 2510 llic
1146 2474 1176 2508 ex

288 2521 453 2591 autographo
468 2521 649 2575 Melanthonis
663 2523 690 2575 in
705 2523 802 2577 codice
816 2524 926 2577 Monac.
941 2523 962 2577 l.
984 2543 1011 2594 p.
1024 2524 1087 2592 611.

185 2672 241 2752 n.
270 2672 385 2751 Vno
408 2624 670 2764 maeonio,
702 2675 1110 2776 ascenezaaanganm
1136 2679 1175 2749 a.

353 2776 524 2849 Ecclesia
538 2778 616 2850 Dei
632 2781 672 2850 in
688 2780 774 2850 arbe
786 2776 1011 2876 Noriberga.

185 2870 231 2962 S·
243 2911 291 2986 D.
323 2911 453 2988 Cariss.
466 2913 561 2984 Vite.
610 2914 718 2986 Mitto
734 2916 800 2986 tibi
813 2915 880 2984 viri
898 2917 1024 3007 optimi
1041 2931 1074 2986 et
1090 2918 1174 2986 dex-

183 3028 239 3084 tre
256 3015 446 3085 iudicantis
463 3018 683 3103 sententiam,
708 3018 752 3085 de
767 3041 834 3086 usu
848 3013 976 3100 Ebeni,
1002 3042 1061 3088 seu
1072 3015 1172 3088 Gua-

185 3116 272 3199 iaci,
298 3118 393 3207 quod
417 3128 509 3183 certe
522 3113 685 3186 Ebenum
702 3129 800 3201 esse,
818 3119 990 3202 arbitr0r3
1018 3145 1057 3188 ac
1072 3144 1173 3209 pror-

182 3239 248 3285 sus
270 3216 302 3281 ei
324 3215 514 3287 adsentior.
576 3215 660 3285 Tibi
687 3217 791 3311 etiam
817 3230 917 3305 opto,
954 3235 995 3288 ut
1017 3222 1172 3288 remedia

183 3314 353 3385 salutaria
369 3309 613 3409 experiaris*),
640 3330 673 3385 et
688 3313 802 3384 Deum
818 3330 1010 3401 aeternum,
1032 3318 1170 3388 Patrem

185 3415 334 3487 Domini
360 3417 471 3483 nostri
498 3416 577 3486 lesu
599 3412 751 3500 Christi,
784 3441 866 3495 oro,
899 3432 938 3487 ut
969 3432 1003 3487 te
1029 3435 1063 3490 et
1086 3421 1173 3488 alios

185 3518 263 3608 pios
286 3511 471 3602 Evangelii
494 3518 674 3585 ministros
696 3530 810 3587 servet
831 3531 864 3586 et
885 3520 1068 3606 defendat,
1099 3546 1172 3589 non

188 3618 301 3688 solum
332 3628 454 3684 contra
486 3617 611 3706 impias
644 3619 851 3710 tyrannides
881 3618 1066 3703 Turricas,
1113 3624 1172 3690 sed

163 3719 291 3789 'etiam
315 3729 436 3785 contra
461 3716 550 3785 alios
565 3718 698 3786 diaboli
716 3718 864 3790 furores.
915 3714 1176 3813 †Mogantini

187 3817 332 3910 pertidia
349 3817 511 3905 congruit
527 3842 605 3887 cum
623 3819 742 3911 aliquo
761 3818 873 3887 dicto:
898 3813 1106 3914 Magantia
1125 3822 1173 3892 ab

187 3916 340 4015 antiquo
356 3942 510 4014 nequam
519 3917 535 3942 ”
543 3911 616 4011 **).
667 3919 736 3990 Sed
754 3917 850 3988 Deus
865 3935 1044 4006 aeternus,
1071 3923 1174 3993 Pater

187 4018 332 4093 Domini
361 4021 473 4088 nostri
506 4020 586 4090 Iesu
614 4016 768 4103 Christi,
811 4021 973 4093 defendet
1001 4021 1173 4094 Ecclesias

188 4145 276 4193 suas.
328 4120 477 4191 Prorsus
499 4116 584 4190 haec
602 4135 686 4191 sunt
706 4133 864 4210 tempora
888 4124 1016 4192 similia
1033 4125 1172 4196 Macca-

186 4224 354 4294 haeorum
370 4224 554 4312 periculis,
574 4224 636 4292 ubi
651 4222 836 4291 fraudibus
853 4236 886 4291 et
898 4226 1079 4296 manifesta
1095 4229 1173 4296 vio-

186 4325 292 4395 lentia
301 4320 456 4392 Ecclesia
472 4337 673 4416 oppugnata
688 4336 749 4392 est.
800 4320 960 4393 Gratiam
976 4327 1041 4396 tibi
1058 4323 1172 4398 habeo

186 4449 251 4518 pro
274 4425 476 4495 assiduitate
499 4426 537 4492 in
560 4425 766 4509 scribendo,
793 4437 829 4494 et
844 4421 960 4497 Deum
977 4449 1060 4512 oro,
1085 4442 1124 4498 ut
1140 4442 1173 4499 te

187 4541 312 4598 servet.

285 4627 445 4717 Pagellas
478 4628 602 4713 mitto,
635 4648 721 4719 quas
752 4626 840 4696 boni
863 4629 1047 4699 consulito.
1104 4628 1172 4700 Die

189 4730 246 4805 16.
261 4729 491 4821 Septembris.

696 4839 882 4936 Philippus
899 4842 1122 4917 Melanthon.

178 4966 404 4980 *βο-

191 5122 199 5131 .
215 5087 245 5141 tt
264 5077 365 5150 Spanh.
379 5079 460 5132 edidit
471 5095 631 5145 precamur.

212 5165 241 5229 2)
263 5162 323 5216 Atia
338 5180 434 5214 manus
446 5159 587 5230 adscripsit
599 5176 670 5214 ann.
684 5161 760 5215 1546.

210 5248 244 5308 2)
264 5247 306 5299 De
320 5246 420 5299 morbo
435 5243 490 5296 Viti
506 5244 561 5299 vid.
574 5244 630 5297 eius
645 5262 687 5314 ep.
699 5243 732 5296 ad
745 5242 885 5299 Brentium
904 5243 931 5300 d.
944 5243 986 5299 22
1000 5246 1070 5317 Aug.

208 5330 261 5396 ¹¹²⁸)
278 5329 353 5385 hisce
365 5327 512 5382 Stubertus
525 5327 713 5398 praetermisit.

773 178 1206 258 EPISTOLARUM
1254 182 1430 264 LIB.X.
1481 181 1611 264 1646.

2146 181 2224 269 sss'ts

1232 354 1300 427 No.
1315 355 1427 433 5562.
2064 363 2223 492 iffi

1240 451 1411 481 m

1583 539 1629 628 C.
1658 543 1875 628 Fischero.

1300 719 1323 790 †
1348 719 1385 772 Ex
1404 719 1568 776 collectione
1590 719 1719 774 Ballenst.
1738 719 1802 774 Vol.
1819 719 1839 775 l.
1858 740 1885 792 p.
1897 720 1957 786 18.,
1981 722 2042 794 qui,
2062 721 2134 775 unde
2149 719 2220 777 hanc

1335 787 1475 859 epistolam
1491 788 1622 852 hauserit,
1640 809 1695 843 non
1709 788 1781 842 dixit.

1234 938 1280 1015 V
1274 939 1456 1014 enerando
1471 946 1567 1032 viro,
1594 943 1794 1016 eruditione
1808 954 1839 1015 et
1855 945 1984 1015 virtute
1999 946 2219 1043 praestanti,

1230 1042 1310 1120 Da.
1333 1043 1396 1119 M.
1417 1036 1764 1144 Christophoro
1789 1042 2033 1131 Fisahero,
2064 1070 2219 1148 praepo-

1301 1147 1373 1217 sito
1386 1145 1575 1244 Ecclesiae
1589 1148 1668 1220 Dei
1682 1150 1722 1219 in
1814 1149 1903 1246 ..*),
1936 1147 2054 1220 amieo
2070 1173 2157 1232 suo,
2207 1202 2209 1207 .

1230 1272 1271 1363 S·
1299 1296 1344 1372 D.
1397 1296 1605 1369 Veneranda
1623 1297 1667 1372 D.
1686 1297 1897 1390 Praeposito.
1949 1295 2058 1366 Venit
2080 1291 2150 1365 huc
2172 1298 2218 1364 ad

1231 1393 1481 1467 Reverendnm
1504 1398 1548 1473 D.
1562 1394 1752 1468 Pastorem
1775 1397 1951 1468 Ecclesiae
1972 1399 2113 1466 nostrae
2135 1397 2218 1488 qui-

1231 1499 1313 1569 dam
1335 1501 1421 1569 civis
1445 1514 1579 1586 vester,
1609 1496 1797 1572 Visentias
1814 1491 2130 1600 Neadiirffer**),
2153 1497 2218 1590 qui

1230 1603 1320 1691 petit
1342 1603 1530 1671 consilium
1545 1605 1588 1670 de
1602 1606 1754 1672 secunda
1768 1603 1916 1690 coniuge
1931 1601 2109 1680 ducenda,
2135 1622 2215 1669 cum

1230 1724 1250 1768 a
1274 1703 1413 1793 priore,
1443 1717 1483 1772 ut
1504 1718 1642 1789 narrat,
1674 1707 1832 1773 desertus
1853 1704 1908 1772 sit.
1959 1700 2051 1770 Vide
2073 1711 2216 1769 senten-

1231 1803 1316 1872 tiam
1340 1801 1693 1890 lurisconsultorum,
1719 1829 1807 1898 quae
1829 1805 1911 1873 satis
1934 1805 2024 1872 dura
2040 1814 2107 1882 est,
2134 1822 2215 1871 cum

1230 1927 1308 1994 spes
1333 1906 1432 1973 nulla
1455 1906 1502 1974 sit
1526 1906 1834 1977 reconciliationis.
1900 1904 1985 1974 Peto
2010 1904 2137 1992 igitur,
2173 1913 2216 1970 ut

1232 2006 1335 2073 nobis
1363 2005 1582 2093 significetis,
1622 2029 1667 2073 an
1700 2006 1800 2095 prior
1829 2005 1959 2073 mulier
1989 2006 2145 2072 confessa
2168 2001 2214 2069 sit

1230 2106 1443 2175 adulterium
1457 2106 1758 2199 antequamaviro
1768 2105 1935 2188 discessit,
1960 2118 1994 2175 et
2009 2128 2054 2173 an
2070 2116 2215 2193 propter

1230 2208 1403 2275 adulteria
1428 2208 1483 2273 vel
1501 2220 1637 2275 tantum
1652 2220 1797 2298 propter
1813 2205 1992 2276 saevitiam
2008 2203 2215 2286 discesserit,

1231 2320 1265 2376 et
1282 2308 1401 2398 quales
1425 2308 1495 2375 sint
1519 2308 1588 2376 viri
1610 2331 1743 2391 mores,
1775 2307 1928 2399 denique
1950 2306 1980 2375 si
2005 2305 2092 2398 quid
2115 2303 2214 2373 aliud

1229 2408 1316 2475 scire
1347 2410 1508 2498 prodest,
1547 2400 1642 2500 quod
1671 2410 1773 2476 vohis
1802 2406 2017 2498 exploratius
2038 2419 2090 2475 est
2108 2426 2214 2496 quam

1229 2509 1342 2582 nobis.
1388 2508 1471 2578 Non
1486 2510 1591 2576 velim
1605 2508 1741 2578 turbari
1756 2508 1935 2579 ecclesiam
1947 2519 2110 2589 vestram,
2133 2505 2214 2573 ideo

1228 2611 1325 2701 prius
1357 2611 1459 2679 vobis
1486 2611 1643 2700 significo
1665 2606 1756 2679 hanc
1779 2623 1934 2679 nostram
1957 2607 2216 2679 dubitationem

1227 2713 1271 2781 de
1288 2711 1428 2800 negotio
1452 2714 1496 2780 ad
1512 2705 1701 2781 Pastorem
1718 2712 1836 2785 allato.
1884 2706 1934 2779 Et
1950 2711 2067 2779 literas
2083 2719 2214 2776 vestras

1226 2814 1407 2884 inscribite
1422 2811 1550 2883 Rever.
1562 2813 1716 2884 Domino
1732 2811 1880 2883 Pastori.
1932 2811 1971 2882 si
1985 2808 2129 2901 potestis
2143 2800 2214 2876 huc

1226 2915 1411 3005 exspatiari
1426 2940 1543 2984 coram
1562 2916 1688 2985 melius
1704 2938 1876 3006 exponere
1891 2910 1936 2986 D.
1951 2910 2089 2981 Pastori
2104 2921 2213 2979 totam

1225 3042 1300 3086 rem
1317 3017 1473 3108 possetis.
1523 3014 1565 3088 B.
1587 3015 1630 3089 V.
1657 3017 1714 3085 die
1732 3016 1789 3088 17.
1804 3014 1925 3106 Septb.

1830 3140 1923 3216 Phil.
1936 3139 2162 3215 Melanthon.

1231 3372 1398 3383 -ο--ι-
2148 3373 2211 3384 ..υ

1224 3534 1290 3609 Νο.
1312 3532 1423 3606 3563.
1493 3520 1497 3526 ’

1227 3632 1436 3664 Μ

2050 3539 2211 3660 Q

1495 3742 1643 3824 loach.
1677 3738 1933 3826 Camerario.

1276 3921 1360 3993 upra.
1379 3921 1412 3976 aa
1431 3922 1568 3978 osmer...
1586 3939 1612 3993 p.
1626 3920 1686 3975 559.
1705 3889 1760 3989 (aa.
1780 3921 1865 3976 rona.
1883 3920 1931 3974 tu.
1952 3920 2001 3976 w.
2020 3940 2064 3994 ep.
2076 3921 2159 3992 roa).

1227 4070 1386 4149 Clariss.
1427 4078 1504 4148 viro
1543 4072 1746 4149 eruditioni
1777 4087 1809 4148 et
1844 4075 1973 4148 virtute
2002 4079 2212 4174 praestanti

1251 4172 1498 4252 Ioaehimo
1519 4170 1796 4250 Camerario
1817 4173 1954 4249 Bamb.
1975 4178 2093 4249 amieo
2115 4176 2180 4252 καὶ

1430 4277 1582 4377 ἀδελφῷ
1597 4276 1740 4380 γνησίῳ
1753 4277 1817 4354 καὶ
1833 4274 2009 4377 φιλτάτῳ.

1225 4414 1267 4505 S.
1294 4437 1340 4511 D.
1389 4434 1469 4509 Etsi
1483 4460 1609 4526 magno
1624 4439 1663 4508 in
1678 4439 1801 4509 dolore
1815 4450 1849 4506 et
1860 4436 1912 4505 sui
1927 4435 2029 4507 initio
2043 4434 2150 4518 belli,
2176 4447 2211 4505 ‘et

1225 4561 1321 4610 nunc
1344 4561 1442 4625 sum,
1475 4564 1556 4609 cum
1580 4539 1734 4632 pericula
1757 4550 1938 4618 crescunt,
1963 4551 2081 4608 tamen
2095 4534 2209 4606 maio-

1224 4662 1298 4710 rem
1330 4641 1414 4712 inde
1443 4665 1554 4733 usque
1582 4642 1627 4711 ab
1648 4640 1751 4709 annis
1774 4639 1974 4731 quindecim
1998 4637 2209 4709 moestitiam

1225 4741 1444 4826 circumtuli,
1476 4755 1621 4834 propter
1644 4740 1856 4830 multiplices
1881 4739 2064 4811 doctrinae
2085 4763 2209 4810 corru-

1224 4844 1350 4934 ptelas,
1374 4843 1504 4937 quibus
1527 4843 1590 4935 qui
1612 4840 1789 4912 debebant
1809 4855 1842 4912 et
1865 4855 2044 4933 poterant,
2073 4839 2207 4910 mederi

1223 5010 1450 5024 ψ

1257 5115 1284 5181 ’)
1303 5106 1577 5231 ltt‘tttttttt
1585 5109 1704 5231 aba*
1718 5107 1766 5230 tl
1773 5105 2205 5248 l:titltt.l.⁵‘.lt¹².·;tttl.3

1289 5266 1307 5300 x.
1321 5266 1344 5302 e.
1357 5245 1497 5311 lacertae.
1703 5215 1712 5245 ⁵

1256 5332 1299 5399 st)
1315 5328 1378 5384 Vid.
1393 5327 1469 5399 epist.
1483 5329 1510 5383 d.
1522 5328 1565 5383 28.
1574 5327 1655 5384 Febr.
1670 5327 1746 5382 1547.
