4748 6022
166 219 240 305 sss
743 211 1181 300 urrsrooaauu
1236 216 1346 296 uro.
1377 217 1444 298 xr.
1496 221 1646 309 raas.
1704 184 1708 191 ’
2129 233 2206 327 aaa

168 388 370 475 mittuntur·
393 387 514 480 copiae
540 383 773 479 Hispanieae,
814 399 850 458 et
882 396 1021 478 teinpus
1054 387 1161 457 breve
1215 401 1270 459 cte
1299 389 1429 462 valent.
1482 389 1681 464 Diaconum
1704 395 1912 486 mittemus,
1944 400 2019 474 Deo
2050 401 2205 487 iuvante,

168 492 422 584 praescriptum
456 503 508 560 est
531 487 641 574 Duri,
674 490 767 559 intra
792 490 887 582 quod
910 486 1000 578 Regi
1023 480 1160 558 Fadi-
1214 489 1308 561 intra
1323 493 1518 570 octiduum.
1571 493 1667 566 Bene
1683 499 1772 573 vale.
1822 498 1890 571 Die
1906 500 1941 577 7.
1957 501 2095 579 Martii.

170 586 299 661 nando
316 592 477 682 solvere,
498 592 616 659 nescio
631 603 832 682 ¹quantum,
858 590 976 658 debet:
1003 590 1073 658 nisi
1088 591 1160 658 sol-
1999 614 2069 695 Ph·

168 694 277 776 verit,
302 691 463 763 Ducstus
485 691 725 781 occupabitur.
774 687 822 760 Et
836 692 1060 782 quorundam
1077 704 1160 759 sunt

167 788 208 862 hi
239 816 438 875 sermones,
479 791 643 882 imperat.
665 788 775 878 Regis
802 788 875 858 tilio
906 785 1161 859 Maximilia-
1212 815 1563 829 ···---·--·-

170 916 220 963 no
243 896 408 964 daturum
438 915 509 960 esse
534 890 719 974 Sueviam,
750 887 926 961 Ducatum
952 892 1160 963 Wirteber-

169 1017 312 1085 gensem
329 991 562 1074 etAlsatiam,
578 1016 658 1061 cum
675 988 922 1083 Regio-titulo.
972 992 1041 1062 Sed
1062 989 1160 1062 Deus
1220 948 1432 1091 Q
2014 980 2069 1041 ¹⁰·
2087 970 2178 1038 mm·

168 1091 256 1166 haec
284 1093 431 1166 consilia
455 1095 498 1162 de
520 1088 678 1184 Ecclesia
712 1105 747 1161 et
780 1093 824 1162 de
848 1087 1012 1183 Imperiis
1044 1094 1157 1185 impe·
1268 1120 1276 1129 ·
1456 1143 1460 1149 .
1767 1075 1798 1103 “

163 1197 255 1270 ὥς..
1241 1231 1249 1238 ,
1366 1136 1603 1226 Graeaerua
1633 1145 1695 1229 ad
1723 1145 2056 1234 Melontbonem.

272 1292 379 1383 Quod
403 1288 574 1363 hactenus
602 1291 762 1362 nondum
786 1294 830 1362 ad
853 1279 1027 1386 optimum
1050 1292 1156 1364 Prin·
1278 1301 1300 1364 'r
1316 1297 1355 1353 Ει
1373 1303 1540 1375 autographo
1556 1305 2103 1380 cremataeod.flou.ttt.ep.109.

169 1396 281 1486 cipem
316 1394 494 1489 captivum
527 1393 673 1485 scripsi,
693 1406 741 1463 ,et
771 1407 917 1485 propter
945 1396 1089 1465 titulum
1124 1409 1160 1466 et

168 1509 316 1588 propter
337 1494 616 1583 magnitudinem
631 1493 796 1564 dolorum
814 1519 971 1565 meomm
978 1547 991 1580 ,
1005 1508 1040 1566 et
1055 1520 1159 1566 occu-

168 1597 354 1689 pationum
392 1594 632 1675 assiduitatem
667 1595 851 1666 instituere
888 1597 1157 1667 convenientem

169 1697 353 1790 epistolam
374 1720 448 1766 non
470 1697 585 1786 potui:
612 1697 772 1767 Scribam
795 1712 930 1782 tamen,
957 1711 991 1767 et
1015 1698 1159 1792 quidem
1212 1669 1383 1761 Gratiam
1410 1715 1474 1781 per
1493 1686 1676 1761 Christum
1707 1693 1775 1763 tibi
1800 1695 2066 1784 multiplicetur.
2126 1695 2204 1788 Ago

169 1796 286 1889 ipsum
303 1798 416 1868 multo
431 1798 621 1867 beatiorem
640 1821 713 1865 esse
727 1797 846 1867 iudico
868 1799 906 1866 in
921 1792 989 1868 hac
1004 1799 1160 1883 fortuna,
1198 1793 1298 1877 tibi,
1323 1792 1480 1884 piissime
1495 1814 1535 1860 ac
1549 1792 1750 1864 doctissime
1766 1791 2104 1889 dominePhilippe,
2124 1821 2205 1888 gra-

169 1911 355 1990 propterea
379 1899 442 1993 qui
465 1899 561 1968 abest
585 1923 604 1967 a
632 1898 948 1968 deliberationibus
980 1900 1098 1970 striltis
1128 1915 1161 1970 et
1212 1895 1278 1965 tias
1304 1893 1467 1962 ecclesiae
1493 1905 1634 1961 nostrae
1655 1895 1818 1980 nomine,
1841 1898 1936 1988 quod
1959 1921 2079 1967 curam
2105 1899 2204 1969 illius

170 1994 353 2095 impiis'),
380 2022 485 2093 quam
503 1999 610 2084 alios,
636 1999 699 2092 qui
712 1998 879 2070 videntur
901 1999 1046 2081 llorere,
1072 2023 1161 2093 quos
1213 1993 1424 2085 susceperis,
1452 2005 1487 2062 et
1501 1993 1691 2064 diaconum
1714 1997 1818 2066 nobis
1842 1997 2052 2088 dispexeris,
2077 1999 2120 2069 de
2142 2024 2205 2067 cu-

169 2094 242 2170 illis
263 2101 577 2170 deliberationibus
598 2100 767 2170 interesse
789 2123 927 2170 necesse
952 2114 1014 2185 est.
1064 2099 1162 2170 Bene
1214 2096 1270 2164 ius
1291 2095 1443 2164 utilitate
1468 2105 1502 2161 et
1523 2094 1660 2178 fructu,
1685 2119 1790 2188 quem
1814 2097 1985 2168 allaturus
2008 2113 2079 2179 est,
2110 2093 2204 2169 nibil

168 2202 292 2270 valete.
342 2198 438 2272 Deus
453 2215 634 2286 aeternus,
659 2200 764 2272 Pater
778 2199 926 2271 Domini
947 2202 1060 2272 nostri
1084 2199 1163 2273 lesu
1213 2196 1432 2278 dubitamus,
1456 2206 1596 2264 tantum
1613 2195 1708 2264 enim
1725 2198 1949 2269 excellentiae
1972 2211 2052 2269 tuae
2071 2200 2204 2270 iudicio

170 2292 324 2388 Christi,
348 2315 460 2372 servet
478 2315 514 2373 et
530 2317 625 2392 regat
639 2326 702 2371 vos
720 2318 754 2371 et
771 2297 1053 2389 honestissimam
1076 2326 1161 2370 con·
1214 2296 1428 2382 tribuimus,
1458 2307 1500 2364 ut
1528 2319 1601 2365 non
1624 2297 1792 2368 ulteriore
1815 2323 1898 2369 cura
1922 2299 2026 2369 nobis
2047 2300 2085 2368 in
2109 2300 2205 2371 iudi-

170 2403 287 2491 iugem
316 2418 486 2488 vestram,
517 2417 553 2474 et
581 2405 804 2473 dulcissimos
836 2404 978 2473 liberos.
1033 2400 1102 2473 Die
1126 2402 1163 2478 5.
1215 2398 1328 2467 cando
1343 2396 1428 2478 illo,
1454 2418 1558 2487 quem
1574 2396 1822 2479 missurum,
1852 2423 1942 2490 opus
1964 2401 2206 2470 essearbitre-

125 2520 130 2525 ’
171 2501 306 2573 Martii.
1215 2521 1305 2566 mur.
1355 2494 1512 2564 Proinde
1537 2496 1656 2567 veniat
1678 2521 1757 2566 cum
1781 2500 1884 2582 libet,
1909 2513 1949 2568 ut
1971 2500 2086 2589 ipsum
2102 2515 2136 2570 et
2150 2500 2205 2568 vi·

846 2597 1048 2695 Philippus.
1215 2600 1360 2667 deamus
1377 2610 1409 2665 et
1425 2594 1621 2669 audiamus.
1672 2591 1841 2669 Officium
1861 2622 1964 2669 suum
1986 2601 2130 2692 arripiet
2152 2623 2207 2670 so-

939 2709 948 2727 *
1215 2699 1372 2790 ptimana
1401 2721 1490 2789 quae
1516 2697 1675 2788 sequitur
1696 2695 1869 2788 paschatis
1896 2700 2019 2786 serias,
2063 2701 2206 2770 interim

1175 2885 1178 2893 y
1215 2821 1282 2868 nos
1304 2799 1398 2878 eius,
1425 2797 1487 2888 qui
1516 2796 1605 2863 victa
1628 2797 1815 2868 defunctus
1837 2813 1905 2883 est,
1939 2800 2033 2871 vices
2054 2825 2208 2890 agemus,

1215 2913 1256 2970 ut
1271 2897 1399 2966 viduae
1413 2896 1559 2965 miserae
1574 2895 1663 2965 istuc
1677 2899 1778 2967 cedat
1791 2899 1951 2991 pecunia.

1314 2993 1491 3066 Dominus
1504 2991 1815 3084 Kumerstadias,
1840 3023 1920 3069 cum
1948 3000 2093 3071 tabellio
2119 3001 2206 3071 lite-

1210 1446 1421 1544 Magnifica
1443 1462 1475 1523 et
1499 1450 1646 1528 clariss.
1674 1454 1770 1538 viro,
1798 1452 1947 1527 domino
1967 1451 2086 1528 Phil
2093 1457 2216 1558 ippo.

1230 1549 1288 1623 M
1294 1547 1561 1637 elantlsoai,
1587 1580 1655 1627 suo
1671 1552 1820 1628 domino
1840 1555 2181 1631 observandissimo.

172 2962 367 3092 Q&
1023 2975 1057 3038 t.
1073 2968 1162 3036 Mra

1027 3061 1162 3095 m
1216 3120 1272 3168 ras
1294 3111 1372 3168 tuas
1395 3091 1484 3165 mihi
1510 3097 1692 3182 redderet,
1716 3100 1813 3169 domi
1836 3124 1910 3169 non
1933 3113 2027 3181 erat,
2054 3102 2207 3192 proinde

500 3155 603 3244 γαί·
633 3158 835 3243 Hoekm·
1216 3199 1387 3269 nuncium
1423 3199 1467 3266 ad
1500 3197 1616 3289 ipsum
1650 3199 1742 3273 misi.
1803 3196 1886 3289 Agit
1909 3199 1946 3269 in
1970 3203 2115 3290 praedio
2142 3225 2206 3272 suo

260 3315 284 3386 †
301 3291 446 3384 Riapogr.
460 3311 490 3366 tn
504 3311 566 3370 aad.
578 3310 667 3368 Paris.
679 3314 717 3370 Ι).
730 3313 764 3368 1..
778 3313 846 3370 Μ’.
1216 3297 1312 3370 haud
1329 3299 1513 3388 proculab
1530 3299 1661 3390 oppido
1677 3296 1815 3393 Haya,
1840 3303 1936 3370 unde
1956 3303 2071 3393 ipsum
2095 3307 2139 3373 ad
2161 3304 2209 3371 li·

1218 3416 1308 3472 teras
1335 3414 1413 3469 tuas
1437 3422 1688 3491 responsurum
1707 3403 1932 3476 nondubito.
1984 3400 2208 3493 Augustanas

1218 3501 1487 3572 reformationes
1517 3500 1643 3569 merito
1675 3526 1798 3571 ornnes
1830 3503 2032 3573 metuimus.
2090 3503 2207 3574 Video

1218 3602 1333 3687 enim,
1358 3601 1483 3671 aulicis
1500 3601 1660 3670 ecclesias
1674 3603 1864 3673 reformare
1886 3603 2104 3694 impossibile
2123 3628 2208 3678 esse.

171 3665 217 3757 S·
239 3688 285 3760 D·
336 3689 618 3762 Venerandevit
635 3689 997 3761 elamicefflrlfflmsso
1048 3688 1166 3760 Tuea-
1218 3700 1294 3794 Ego
1311 3703 1466 3772 delectos
1479 3702 1746 3796 illos,quorum
1762 3704 1955 3793 catalogum
1969 3698 2029 3772 hic
2043 3703 2208 3784 vidimus,

173 3814 255 3861 mur
288 3794 574 3864 coniunctiwem
608 3804 763 3859 nosslfam
798 3814 840 3859 0⁰
873 3791 1006 3860 malm
1037 3791 1167 3877 studit),
1219 3808 1263 3875 de
1277 3807 1391 3874 forma
1409 3814 1443 3872 et
1457 3804 1564 3871 modo
1582 3804 1750 3895 colloquii
1764 3804 1933 3872 duntaxat
1949 3818 2088 3874 acturos
2107 3818 2210 3894 puta-

175 3894 259 3985 quia
276 3895 314 3962 in
331 3894 541 3963 adversariis
558 3894 682 3962 crescit
698 3891 824 3964 rabies.
863 3889 940 3960 Scis
956 3893 1079 3963 edictis
1094 3890 1169 3963 Re·
1219 3907 1276 3991 vi,
1301 3907 1361 3975 sed
1383 3903 1506 3984 audio,
1529 3903 1624 3992 ipsos
1640 3925 1712 3971 esse
1729 3903 2126 3989 reform310r23‚etiam
2142 3906 2210 3974 du.

175 3993 229 4082 gis
245 3993 330 4084 pelli
346 4018 387 4061 ex
403 3992 571 4062 Ecclesiis
587 3992 663 4080 pios
680 4001 854 4078 pastores,
877 4005 913 4059 et
927 3994 1034 4063 fludio
1051 3993 1168 4062 missa-
1220 4010 1305 4077 dum
1323 4008 1367 4074 de
1386 4002 1481 4072 Cana
1500 4002 1642 4090 caprina
1659 4003 1795 4091 maguis
1813 4004 2026 4075 clamoribus
2050 4018 2085 4074 et
2098 4006 2212 4073 saevis

176 4093 229 4162 cia
253 4093 345 4162 dicia
370 4092 410 4160 in
433 4087 1021 4181 convessludtlssss⁸l¹¹¹1⁰l¹r⁰p⁰¹¹b
1073 4087 1168 4162 Ote-
1220 4103 1438 4176 contentiose
1452 4102 1655 4175 decertasse.
1708 4102 1805 4173 Mori
1819 4107 1975 4195 proiecto
1990 4105 2098 4175 satius
2113 4117 2212 4189 esset,

178 4217 258 4262 mus
279 4206 396 4261 aulem
421 4193 536 4263 filium
552 4189 639 4276 Dei,
664 4205 703 4261 ul
718 4213 784 4259 ¹1⁰⁸
797 4202 957 4284 Ρφῑθεὸῑ
982 4205 1016 4260 tt
1039 4191 1168 4280 gvber-
1221 4228 1327 4299 quam
1358 4201 1531 4272 eiusmodi
1553 4227 1664 4294 nugas
1685 4205 1850 4296 recipere.
1901 4205 1971 4278 Sed
1994 4201 2071 4275 Deo
2092 4227 2159 4274 nos
2178 4219 2213 4277 et

177 4309 258 4380 ¹¹⁸¹,
281 4294 344 4389 ‘1¹¹5
364 4292 470 4364 dl¹ll²
504 4316 581 4363 ⁰⁶⁰0
604 4314 667 4381 08⁰
684 4292 867 4361 V⁰bl⁸⁰⁰¹¹¹
888 4313 967 4360 ⁸⁸¹¹ss
990 4314 1101 4385 nique
1124 4292 1169 4359 ad
1222 4305 1383 4376 ecclesias
1406 4317 1544 4372 nostras
1566 4299 1903 4378 commendabimus.
1956 4305 2021 4374 llle
2042 4305 2108 4374 filii
2129 4329 2213 4376 suae

177 4395 517 4466 consummationem
544 4393 665 4491 tetuli·
713 4391 858 4481 Colligit
885 4388 1099 4476 Ecclesslffln,
1137 4405 1171 4463 ⁸1
1223 4430 1346 4477 causae
1360 4405 1471 4475 dubio
1487 4406 1611 4495 procul
1625 4428 1699 4474 non
1716 4407 1925 4490 deerit,nee
1941 4406 2075 4497 superis
2091 4408 2213 4476 detru-

178 4522 253 4567 non
269 4498 372 4566 aliter
393 4495 463 4565 nisi
479 4518 564 4564 voce
580 4490 773 4584 Evangelii.
824 4490 900 4562 Hac
923 4516 988 4563 noa
1009 4495 1171 4564 consola-
1224 4509 1261 4578 αἱ
1280 4506 1707 4597 reguisipsumpariemr,
1759 4505 2116 4597 Vivercorpuseius,
2148 4509 2213 4577 do.

179 4599 276 4669 tione
301 4597 485 4687 erigamus.
538 4592 592 4665 De
616 4595 678 4664 illa
700 4597 850 4680 mitem)
880 4618 969 4687 ‘1¹13e
984 4607 1171 4664 vexatura
1224 4633 1288 4679 nec
1302 4620 1406 4700 caput
1423 4607 1543 4676 vivum
1559 4607 1685 4691 suerit,
1708 4629 1773 4676 nec
1796 4606 1939 4678 rexerit
1960 4609 2158 4697 sineregno
2180 4620 2215 4677 et

179 4701 273 4769 malo
288 4698 434 4791 spiritu,
459 4709 598 4767 tantum
613 4690 681 4766 hoc
697 4697 821 4766 damus
834 4695 1040 4780 consilium,
1059 4709 1101 4797 *ut
1115 4695 1171 4788 pia
1226 4711 1378 4802 populo,
1404 4707 1509 4777 etiam
1531 4708 1560 4777 si
1584 4730 1658 4775 non
1680 4730 1803 4778 omnes
1827 4708 1949 4799 populi
1964 4708 2080 4799 ipsum
2097 4730 2215 4797 regam

178 4801 382 4895 precatione
404 4797 585 4889 pugnetis,
622 4810 656 4868 et
689 4795 819 4867 curetis
848 4818 977 4890 corpus
998 4796 1174 4866 imbecille
1227 4823 1430 4900 agnoscant,
1480 4804 1732 4878 EiusfitiiDei
1749 4809 1873 4901 populi
1896 4831 1976 4899 pm
1997 4832 2070 4900 9⁸⁸0
2091 4830 2224 4878 omnes,

180 4909 275 4973 recte
291 4901 364 4989 regi
383 4900 462 4969 cibo
484 4912 519 4969 et
534 4922 659 4968 somno
686 4911 720 4968 et
743 4898 998 4968 consuetudine
1018 4898 1176 4991 placido·
1229 4912 1279 5005 pii
1301 4910 1510 4993 studebunu
1538 4908 1574 4977 id
1591 4911 1686 5001 quod
1709 4923 1744 4978 et
1762 4906 1854 4981 mihi
1869 4933 1972 4980 curae
1991 4908 2077 4993 erit,
2102 4909 2216 4979 donee

181 5026 263 5073 rum
283 4998 475 5072 hominum
499 4999 681 5073 custodiri.
732 4994 903 5090 Exempla
916 4999 1072 5071 vidimus
1089 4999 1177 5085 alia-
1229 5013 1368 5095 vixero,
1390 5009 1467 5081 Deo
1488 5032 1552 5101 per
1567 5008 1741 5100 Spiritum
1756 5008 1794 5084 S,
1809 5011 2017 5095 adiuvante,
2037 5003 2168 5085 Amen

181 5127 284 5185 rum,
309 5126 400 5197 quae
420 5101 469 5171 sic
493 5114 632 5171 curatae
654 5111 787 5169 suntet
807 5093 1178 5174 hodievivuntetre-
1331 5105 1438 5202 Apud
1463 5132 1528 5180 nos
1542 5106 1636 5181 nihil
1652 5112 1788 5182 estsere
1801 5108 2136 5205 novissmam*
2196 5146 2220 5175 ιο

1232 5212 1317 5285 tiam
1347 5227 1444 5283 tuam
1478 5211 1605 5281 rescire
1635 5235 1763 5304 operae
1793 5210 1896 5310 preti·

217 5342 246 5412 2)
264 5341 321 5400 sn.
339 5342 375 5399 a.
387 5342 442 5411 a..
458 5340 505 5396 aa
520 5339 643 5398 sanim.
658 5359 679 5396 a
690 5339 936 5397 seuerissima
949 5341 1011 5396 aa.
1234 5313 1330 5409 quod
1355 5306 1585 5491 lig-'Ipsam
1601 5305 1788 5386 Patribus

203 3450 464 3527 Valentino
488 3451 676 3535 flectar,
702 3448 858 3524 Pastori
879 3449 1069 3525 Ecclesiae
1093 3449 1133 3523 ia

547 3550 799 3627 Schwibosen.
