4748 6022
274 340 353 418 523
857 326 1298 409 EPISTOLARUM
1345 330 1454 414 LlB.
1481 332 1528 413 X.
1578 315 1715 413 1⁶47.
2238 334 2318 414 524

278 518 458 613 probares.
509 506 622 599 Saepe
642 506 739 575 enim
761 518 911 576 rectores
933 504 1165 597 imperiorum
1181 527 1269 573 con·
1320 526 1395 573 rem
1413 527 1503 591 esse,
1527 509 1648 578 favent
1662 521 1695 577 et
1710 503 1780 599 ipsi
1795 504 2001 592 coelibatui,
2027 509 2216 580 colludunt
2233 536 2316 583 cum

279 625 414 691 donare
429 609 611 681 communi
625 608 877 702 tranquillitati
888 608 1026 700 aliquos
1039 628 1272 697 moresopor·
1319 602 1570 691 Pontificibus,
1593 611 1688 680 etad
1704 608 1933 680 exercendam
1947 608 2116 679 iniustam
2132 613 2316 684 saevitiam

279 732 348 804 tet,
372 728 413 786 ut
428 714 556 782 docent
572 711 683 780 multa
700 711 842 801 politica
856 721 1050 799 praecepta.

381 815 452 889 Sed
477 836 544 883 nos
567 812 607 880 in
625 835 746 881 caussa
770 823 908 893 nostra,
944 832 1017 877 non
1042 822 1185 879 utemur
1205 801 1272 875 hac

281 920 423 992 infirma
439 914 661 997 defensione,
685 927 726 982 ut
740 911 954 993 condonari,
980 933 1054 979 non
1065 909 1210 1000 probari
1234 930 1271 1024 ea
1323 939 1541 1028 simulatam,
1573 957 1717 1034 propter
1739 968 1845 1037 quam
1858 944 2006 1035 plurimi
2020 946 2234 1017 coelibatum
2253 951 2315 1020 de,

281 1019 522 1117 postulemus,
563 1038 651 1108 quac
677 1014 824 1102 agimus.
890 1010 1025 1081 Verum
1043 1011 1092 1081 ita
1113 1009 1273 1097 confugi-

282 1145 365 1196 mus
387 1121 433 1190 ad
454 1117 649 1189 bonitatem
665 1130 700 1186 et
718 1113 940 1183 clementiam
963 1125 1078 1196 tuam,
1106 1110 1212 1180 simul
1234 1122 1275 1178 ut

284 1237 472 1305 testemur,
501 1242 541 1287 ac
555 1218 781 1286 ostendamus
795 1208 864 1282 hoc
886 1228 1000 1282 totum
1018 1213 1199 1282 doctrinae
1215 1232 1276 1299 ge-

284 1349 373 1409 nus,
396 1323 493 1414 quod
506 1318 771 1409 amplectimur,
796 1316 896 1405 pium
912 1329 946 1383 et
963 1313 1139 1384 Ecclesiae
1156 1334 1277 1381 neces-

286 1427 419 1498 sarium
435 1444 526 1504 esse,
560 1443 640 1487 curn
657 1419 703 1488 sit
719 1418 793 1509 ipsa
812 1417 928 1484 nativa
945 1429 978 1484 et
995 1416 1137 1505 propria
1156 1412 1276 1482 Evan-

287 1527 371 1620 gelii
386 1522 545 1593 coelestis
560 1521 749 1590 sententia:
777 1518 906 1586 deinde
919 1529 952 1585 et
965 1513 1177 1585 haecnostra
1192 1537 1277 1582 con-

288 1627 384 1717 iugia
403 1626 460 1715 pia
474 1637 509 1692 et
523 1633 640 1691 sancta
658 1644 742 1704 esse,
769 1632 803 1688 et
818 1619 1036 1687 voluntatem
1051 1615 1117 1685 Dei
1131 1638 1215 1694 esse,
1238 1626 1278 1683 ut

289 1727 529 1799 sacerdotibus
550 1721 754 1811 coniugium
769 1722 1001 1802 concedatur,
1023 1718 1154 1786 abolita
1170 1716 1278 1807 impia

288 1846 324 1902 et
339 1827 541 1919 turpissima
557 1824 632 1909 lege
649 1825 692 1890 de
706 1821 898 1905 coelibatu,
932 1843 1022 1911 quae
1036 1832 1069 1887 et
1091 1818 1279 1905 flagitiosas

287 1928 459 2002 libidines
475 1925 514 1993 in
529 1921 723 1993 Ecclesiam
740 1921 892 2005 invexit,
918 1935 952 1989 et
968 1921 1053 1988 alias
1067 1921 1195 1987 multas
1210 1914 1280 1985 Ec-

288 2030 415 2102 clesiae
431 2040 544 2118 pestes
562 2023 794 2094 confirmavit.

394 2125 448 2199 Ac
464 2130 507 2195 de
524 2124 666 2194 caeteris
682 2122 863 2191 doctrinae
884 2121 1041 2190 articulis
1062 2142 1214 2213 aequum
1230 2130 1281 2185 est

275 2231 406 2305 'audiri
423 2228 568 2296 maritos
583 2240 734 2294 nostros.

393 2329 490 2418 Quid
503 2340 555 2395 est
569 2326 663 2394 enim
673 2323 875 2416 praesertim
889 2319 1090 2391 inEcclesia
1106 2321 1282 2403 iniustius,

290 2457 398 2529 quam
419 2428 588 2499 trucidari
607 2421 770 2494 homines
791 2421 975 2507 honestos,
1006 2437 1039 2493 et
1059 2423 1182 2490 inferri
1206 2421 1282 2489 bel-

290 2536 367 2605 lum
387 2530 539 2600 laudatis
552 2525 797 2616 Principibus,
830 2538 865 2594 et
880 2525 1012 2615 optime
1028 2524 1173 2592 moratis
1194 2522 1283 2591 civi-

291 2635 443 2714 tatibus,
469 2630 631 2698 nondum
652 2628 720 2696 rite
734 2627 882 2714 cognitis
898 2640 958 2694 ant
980 2626 1143 2694 iudicatis
1166 2625 1283 2706 rebus,

291 2762 374 2807 cum
391 2733 535 2826 quidem
552 2753 626 2798 non
642 2729 756 2797 solum
773 2727 886 2794 nostri
903 2723 1075 2806 homines,
1102 2725 1281 2795 sedetiam

292 2837 386 2929 aptrd
407 2847 541 2903 exteras
555 2830 736 2911 nationes,
770 2828 831 2920 qui
848 2843 967 2897 amant
984 2824 1120 2897 Christi
1139 2849 1283 2909 nomen,

292 2940 411 3032 palam
425 2934 585 3023 flagitent
598 2955 715 3000 veram
731 2929 980 3017 cognitionem.

394 3035 524 3108 Dicent
540 3034 648 3123 igitur
662 3032 783 3100 mariti
796 3031 909 3101 nostri
926 3032 969 3098 de
987 3030 1132 3099 caeteris
1152 3029 1284 3099 articu-

293 3141 359 3227 lis,
391 3163 470 3210 eurn
488 3136 596 3209 voles.
645 3133 719 3204 Nos
741 3157 838 3202 nunc
854 3134 898 3201 de
921 3156 959 3200 ea
979 3155 1100 3200 caussa
1115 3132 1284 3210 dicemus,

294 3263 386 3335 quae
409 3239 553 3330 proprie
574 3249 696 3306 nostra
711 3235 871 3318 videtur,
904 3232 1069 3302 videlicet
1092 3235 1135 3300 de
1160 3233 1285 3300 coniu-

293 3342 362 3432 giis
376 3339 525 3421 nostris,
557 3335 763 3427 praesertim
779 3360 857 3404 curn
884 3333 1107 3425 praecipuam
1123 3334 1285 3403 saevitiae

296 3456 331 3511 et
345 3438 522 3509 bellorum
545 3460 700 3504 caussam
723 3459 795 3503 esse
817 3436 1138 3505 animadvertamus
1161 3435 1287 3504 coniu-

295 3543 393 3633 gium
412 3538 644 3607 sacerdotum.
696 3535 907 3626 Quanquam
925 3535 1018 3602 enim
1041 3550 1174 3605 norunt
1190 3538 1288 3626 plae-

294 3644 397 3736 rique
411 3640 521 3728 legem
539 3638 582 3707 de
599 3635 774 3705 coelibatu
787 3636 952 3703 iniustam
970 3658 1052 3719 esse,
1078 3652 1196 3707 tamen
1211 3661 1286 3706 eam

297 3765 435 3814 summa
458 3737 649 3828 pertinacia
667 3737 879 3817 defendunt,
911 3749 1095 3826 propterca
1113 3741 1207 3830 quod
1229 3764 1287 3807 ac-

298 3841 557 3915 commodatior
571 3852 623 3908 est
637 3838 779 3907 tuendis
792 3837 939 3927 opibus,
971 3849 1005 3905 et
1019 3837 1174 3929 imperiis
1189 3838 1287 3914 Pon·

297 3947 445 4032 tificum,
472 3966 578 4033 quarn
591 3940 805 4028 coniugium.
851 3937 931 4007 Non
947 3938 1055 4026 igitur
1070 3943 1113 4006 de
1130 3941 1286 4021 veritate,

297 4070 374 4117 reon
390 4046 433 4113 de
448 4042 621 4132 religione
635 4041 805 4108 dimicant
822 4038 1009 4108 l‘ontificcs
1025 4065 1064 4109 ac
1081 4065 1125 4108 ne
1142 4041 1285 4131 quidem

298 4145 547 4238 superstitione
558 4154 718 4223 tuentur.
770 4138 879 4209 Aliud
897 4143 1023 4229 agitur.

399 4245 443 4316 lu
455 4243 619 4317 omnium
636 4242 763 4311 animis
778 4265 872 4309 acres
887 4243 1019 4313 stimuli
1034 4256 1139 4327 sunt,
1163 4241 1285 4333 opinio

296 4347 481 4433 utilitatis,
507 4358 543 4417 et
556 4343 698 4436 imperii
713 4342 896 4431 cupiditas.
947 4342 1025 4413 llae
1043 4347 1134 4415 duae
1148 4368 1204 4413 res
1219 4369 1287 4414 no-

299 4448 354 4516 bis
378 4450 621 4519 adversantur.
680 4442 866 4513 Pontifices
887 4444 1000 4529 cuim,
1030 4459 1072 4514 ut
1093 4447 1287 4535 potentiam

298 4560 335 4617 et
346 4542 415 4616 hoc
428 4549 606 4638 fastigium
621 4544 803 4636 dignitatis
810 4595 822 4629 ,
855 4547 950 4636 quod
966 4558 1103 4629 tenent,
1129 4548 1221 4616 tueri
1234 4548 1288 4616 fa-

300 4647 403 4716 cilius
424 4651 578 4737 possint,
615 4647 778 4736 coniugia
804 4640 1008 4737 prohibent.
1067 4642 1116 4715 Et
1146 4645 1286 4737 Regum

298 4748 399 4817 aulae
421 4761 503 4817 sunt
521 4749 779 4838 splendidiores
804 4764 948 4839 propter
969 4743 1228 4840 Episcoporum
1252 4763 1288 4820 et

296 4846 559 4919 Canonicorum
575 4849 780 4919 comitatum
796 4865 830 4921 et
845 4850 1089 4943 frequentiam.
1140 4848 1187 4919 Hi
1205 4875 1286 4920 cum

297 4951 369 5020 sint
384 4948 637 5042 expeditiores,
668 4953 890 5035 audaciores,
921 4964 956 5021 et
971 4953 1016 5021 ad
1033 4947 1177 5022 technas
1195 4953 1287 5022 auli-

297 5074 355 5121 cas
371 5051 481 5141 magis
491 5049 622 5133 idonei,
648 5046 838 5139 legationes
852 5054 997 5136 obeunt,
1022 5054 1198 5123 intersunt
1211 5051 1286 5125 Re·

295 5174 380 5241 gum
396 5151 563 5237 consiliis,
578 5165 741 5221 exercent
754 5153 897 5237 iudicia,
923 5155 1077 5247 denique
1093 5156 1209 5225 nullas
1223 5179 1288 5224 au-

295 5252 383 5323 licas
415 5276 540 5344 operas
567 5251 764 5339 defugiunt.
813 5252 861 5323 Et
891 5255 967 5322 sine
995 5253 1131 5343 Regum
1165 5270 1285 5327 sumtu

294 5355 420 5445 magna
433 5355 534 5426 alunt
548 5353 722 5424 satellitio.
774 5351 893 5440 Quare
911 5380 991 5423 cum
1003 5353 1119 5444 Reges
1132 5357 1206 5425 suis
1221 5383 1286 5428 au-

291 5453 338 5526 lis
360 5453 452 5528 hanc
474 5454 731 5529 formamvitae
752 5456 973 5525 sacerdotum
996 5455 1139 5529 videant
1161 5458 1285 5529 utilio-

1322 707 1538 797 conspirant.

1421 837 1524 909 Hanc
1542 840 1652 910 solam
1672 865 1744 911 esse
1760 865 1918 912 caussam
1940 867 2016 912 non
2030 844 2208 931 fictitiam,
2240 872 2314 918 nou

1321 1042 1494 1128 fendunt,
1524 1045 1748 1136 perspicuum
1772 1058 1834 1118 est.
1886 1043 1940 1113 Te
1961 1058 2080 1115 autem
2106 1045 2314 1139 Imperator,

1323 1168 1362 1216 ea
1390 1144 1519 1215 virtute
1540 1158 1574 1215 et
1596 1146 1764 1236 gravitate
1788 1145 1989 1236 praeditum
2013 1169 2087 1217 esse
2107 1149 2315 1238 iudicamus,

1324 1259 1452 1316 utnon
1469 1247 1558 1316 velis
1579 1248 1801 1339 attemperari
1822 1248 2011 1336 religiones
2026 1250 2069 1318 ad
2088 1247 2315 1338 Pontificum,

1325 1370 1386 1416 seu
1401 1348 1560 1417 aularum
1574 1350 1763 1432 utilitates,
1784 1350 1845 1418 sed
1859 1362 1952 1418 recte
1969 1362 2087 1419 etvere
2105 1353 2173 1420 coli
2182 1348 2314 1426 Deum.

1326 1446 1446 1535 Quare
1467 1472 1646 1540 speramus
1666 1452 1770 1521 etiam
1792 1454 1836 1519 ad
1862 1465 1896 1520 te
1918 1450 2125 1540 placandum
2140 1455 2315 1523 valituras

1327 1572 1399 1617 esse
1414 1574 1513 1620 veras
1533 1575 1671 1622 caussas
1693 1552 1805 1623 nostri
1819 1552 1921 1631 facti,
1951 1564 1987 1620 et
2008 1566 2146 1622 nostrae
2167 1567 2313 1623 senten·

1327 1651 1415 1734 tiae,
1442 1674 1530 1743 quas
1551 1676 1616 1722 nos
1640 1655 1714 1743 ipse
1740 1676 1972 1743 exponemus,
2000 1666 2042 1723 ut
2073 1655 2311 1725 testimonium

1328 1765 1437 1836 extet,
1461 1777 1527 1822 nos
1543 1768 1636 1823 recto
1656 1754 1808 1839 iudicio,
1832 1778 1906 1824 non
1923 1778 2041 1824 errore
2055 1769 2118 1826 aut
2134 1780 2234 1826 coeca
2251 1782 2314 1827 cu-

1329 1856 1476 1946 piditate
1491 1850 1578 1924 hacc
1594 1855 1756 1944 coniugia
1771 1857 1932 1947 probare.

1430 2000 1590 2071 Primum
1605 2016 1720 2072 autem
1731 2001 1969 2093 telmperator
1982 2006 2215 2090 obtestamur,
2233 2030 2315 2096 pro·

1330 2118 1407 2194 pter
1419 2100 1534 2173 Deum
1552 2117 1585 2172 ct
1599 2105 1797 2174 Dominum
1818 2119 1980 2174 nostrum
1998 2103 2110 2175 lesum
2124 2101 2317 2191 Christum,

1330 2206 1442 2274 filium
1454 2201 1539 2288 Dei,
1564 2218 1605 2275 ut
1618 2207 1747 2292 cogites
1762 2206 1900 2296 politias
1914 2222 1947 2277 et
1964 2202 2032 2277 hoc
2047 2222 2235 2296 augustum
2250 2210 2317 2276 im-

1331 2307 1419 2398 perii
1433 2331 1576 2390 nomen,
1595 2321 1630 2377 ct
1638 2305 1776 2395 Regum
1794 2330 1889 2376 arma
1903 2309 1996 2377 tueri
2011 2310 2138 2378 debere
2154 2305 2316 2379 honestos

1330 2431 1463 2491 mores,
1489 2408 1713 2498 pudicitiam,
1738 2409 1981 2477 educationem
1998 2423 2102 2502 atque
2120 2411 2318 2482 institutio·

1330 2534 1412 2577 nem
1430 2510 1625 2579 iuventutis
1638 2533 1678 2579 ac
1692 2510 1916 2601 disciplinam
1932 2512 2053 2580 utilem
2068 2513 2201 2601 pietati.
2242 2509 2319 2581 Ha-

1331 2634 1411 2679 rum
1434 2610 1666 2680 maximarum
1688 2635 1808 2680 rerum
1823 2612 1979 2680 custodia
1994 2612 2140 2680 summis
2155 2610 2320 2700 Regibus

1332 2721 1575 2782 commendata
1595 2725 1656 2785 cst.
1707 2710 1800 2781 Nota
1821 2727 1873 2785 est
1896 2713 1991 2782 enim
2004 2711 2106 2783 Pauli
2125 2714 2250 2782 concio
2275 2715 2320 2782 de

1331 2814 1500 2904 imperiis.

1434 2956 1531 3046 Quid
1552 2969 1602 3026 est
1620 2971 1735 3027 autem
1753 2971 1823 3028 tam
1844 2960 2061 3028 contrarium
2074 2955 2159 3032 huic
2178 2966 2320 3034 muneri

1333 3058 1582 3150 imperatorio,
1624 3084 1730 3152 quam
1752 3084 1849 3128 arma
1871 3062 2044 3131 divinitus
2066 3064 2109 3131 ad
2133 3066 2322 3154 pudicitiae

1334 3160 1574 3230 defensionem
1590 3161 1717 3230 tradita
1733 3183 1868 3250 gerere,
1903 3164 1948 3231 ad
1963 3186 2068 3252 vagas
2084 3178 2118 3234 et
2134 3167 2321 3254 flagitiosas

1334 3262 1501 3331 libidines
1517 3261 1798 3331 confirmandas?
1822 3259 1970 3333 Constat
1984 3267 2091 3350 enirn,
2116 3270 2238 3359 quales
2252 3272 2321 3339 sint

1335 3365 1556 3433 sacerdotum
1569 3387 1705 3449 mores,
1729 3364 1932 3459 ubicunque
1948 3365 2005 3435 lex
2021 3368 2065 3435 de
2079 3369 2252 3439 coelibatu
2266 3395 2321 3439 re-

1335 3466 1481 3538 tinetur.
1531 3463 1644 3549 Boni,
1667 3465 1730 3557 qui
1745 3479 1828 3535 sunt
1842 3467 2063 3557 paucissimi,
2081 3484 2322 3559 agnoscuntse

1335 3566 1525 3635 infeliciter
1536 3566 1663 3634 luctari
1680 3591 1759 3634 curn
1777 3568 1979 3640 infirmitate
1993 3593 2077 3653 sua,
2102 3585 2135 3640 et
2151 3566 2243 3641 hanc
2259 3573 2323 3642 tii-

1336 3684 1423 3740 stem
1443 3667 1646 3737 servitutem
1669 3669 1867 3757 deplorant.
1915 3668 2068 3763 Reliqua
2092 3671 2232 3743 infinita
2250 3688 2323 3744 tur-

1335 3771 1399 3850 ba,
1433 3793 1539 3861 quarn
1554 3770 1650 3838 varie
1671 3769 1805 3859 polluta
1828 3770 1902 3839 est?
1934 3767 1981 3841 Et
2003 3787 2138 3842 mentes
2160 3791 2323 3846 oneratae

1335 3868 1547 3941 conscicntia
1563 3871 1795 3961 turpitudinis
1811 3886 1996 3963 perpetuae
2010 3873 2324 3968 accesseruntEpi-

1335 3995 1500 4041 curarum
1523 3984 1739 4041 contemtum
1756 3973 1844 4056 Dei,
1878 3997 1918 4042 ac
1942 3987 2053 4044 ruunt
2075 3974 2114 4043 in
2137 3988 2322 4048 aeternum

1337 4073 1494 4145 exitium.

1437 4203 1480 4276 ln
1498 4206 1652 4298 collegiis
1661 4203 1933 4291 Canonicorum,
1959 4210 2024 4278 ubi
2037 4209 2188 4295 inscitia,
2203 4214 2324 4299 otium,
2353 4238 2357 4242 ·

1337 4308 1502 4392 divitiae,
1535 4309 1634 4378 alunt
1658 4308 1798 4392 luxum,
1828 4321 1960 4401 quanto
1976 4312 2140 4381 dedecori
2155 4329 2240 4384 sunt
2260 4339 2323 4384 no-

1337 4410 1427 4478 mini
1443 4406 1645 4479 Christiano
1661 4409 1842 4478 manifesta
1858 4424 1977 4501 stupra
1993 4427 2026 4480 et
2040 4414 2239 4483 adulteria?
2271 4417 2324 4486 De

1338 4512 1436 4581 urbis
1454 4509 1588 4580 Romae
1609 4509 1750 4597 flagitiis
1770 4511 1886 4579 dicere
1909 4516 2035 4600 pudet,
2066 4539 2156 4605 quae
2181 4518 2323 4608 quidem

1338 4612 1420 4682 illos
1433 4635 1507 4678 non
1527 4611 1635 4697 pudet
1655 4612 1936 4681 obscoenissimis
1952 4615 2122 4704 poiimatis
2139 4619 2324 4688 celebrare.

1338 4711 1434 4801 Quid
1453 4711 1568 4798 agitur
1585 4725 1701 4780 autem
1725 4715 1858 4803 reipsa,
1893 4715 1962 4783 nisi
1978 4730 2017 4786 ut
2040 4717 2110 4784 tuis
2125 4720 2324 4789 castissimis

1336 4813 1519 4893 manibus,
1552 4826 1585 4880 et
1601 4815 1673 4883 tuis
1694 4816 1800 4885 armis
1822 4828 1997 4885 tantorum
2023 4818 2196 4890 scelerum
2217 4822 2326 4891 licen-

1336 4914 1421 4984 tiam
1438 4915 1594 4983 stabilias
1610 4918 1653 4983 ad
1671 4942 1811 4986 omnem
1827 4918 2089 5008 posteritatem?
2122 4914 2158 4989 0
2178 4947 2253 4991 rem
2271 4924 2325 4990 in·-

1337 5015 1478 5104 dignam
1495 5031 1528 5086 ct
1544 5016 1688 5086 nominc
1703 5018 1951 5110 Imperatorio,
1976 5035 2010 5090 et
2023 5045 2163 5090 morum
2183 5039 2326 5095 tuorum

1336 5117 1488 5209 puritate
1505 5119 1686 5208 singulari.

1436 5262 1553 5333 Multa
1567 5279 1651 5334 sunt
1667 5266 1771 5334 etiam
1791 5267 1977 5338 coniuncta
1994 5268 2081 5340 vitia
2098 5271 2324 5347 libidinibus.

1336 5361 1387 5435 Ut
1409 5389 1494 5455 opes
1515 5379 1548 5433 et
1574 5367 1721 5456 imperia
1742 5367 1933 5454 retineant,
1967 5371 2165 5443 defendunt
2198 5375 2325 5466 impios

1336 5466 1469 5553 cultus,
1500 5461 1790 5558 atterebantur,
1818 5485 1854 5539 et
1869 5470 2079 5563 imposturas
2101 5475 2328 5570 multiplices,
