4748 6022
152 247 154 251 ν
206 228 274 298 m
787 211 1226 290 uorsronanuu
1278 211 1390 294 nm.
1421 218 1468 296 x.
1523 213 1655 293 1⁵46.
2053 323 2060 331 η
2171 222 2243 296 172

205 399 343 468 labores
359 396 479 467 deiero
494 405 696 463 reverenter
715 402 750 458 et
762 383 939 457 Ecclesiae
955 383 1032 470 Dei,
1051 399 1085 456 et
1101 384 1141 473 C.
1150 383 1195 455 V.
1246 401 1287 459 ut
1308 389 1470 479 aspidum
1492 390 1673 460 saevitiam
1692 389 1794 479 pueri
1810 413 1875 460 nec
1890 412 2010 461 cavere
2023 393 2161 484 possint
2177 417 2242 463 nec

204 496 248 574 D.
260 499 393 571 Ductor
408 493 640 587 Augustinus
657 490 820 582 promisit
837 513 872 558 se
888 501 1092 558 curaturum
1109 512 1196 578 esse,
1249 492 1440 581 depellere,
1472 492 1516 562 sit
1535 517 1601 561 nos
1620 486 1755 561 technis
1772 487 1948 576 hostium,
1975 519 2125 587 quorum
2143 497 2241 565 varia

204 616 246 671 ut
265 602 414 670 fideliter
427 600 472 666 ad
487 594 582 668 ΟΝ.
598 590 683 662 haec
699 595 827 683 scripta
842 594 1077 681 perferantur.
1111 587 1195 658 ldeo
1249 606 1332 661 sunt
1346 616 1490 682 genera,
1516 618 1699 663 occurrere
1715 618 1789 662 non
1805 616 2001 684 possumus.
2034 594 2154 666 Unum
2174 599 2243 686 igi-

176 725 245 770 1ea
267 701 333 792 ipsi
357 697 612 768 commendavi.
664 690 717 763 Ac
737 718 822 778 oro,
848 707 888 762 ut
908 691 1082 780 significet
1096 688 1137 764 C.
1153 687 1198 762 V.
1237 706 1308 783 ¹tur
1337 689 1403 762 hoc
1433 717 1592 784 agamus:
1624 694 1793 763 faciamus
1816 695 1973 763 osticium
1994 713 2173 782 nostrum,
2207 712 2243 767 et

205 826 252 871 an
270 827 308 870 ea
325 799 506 889 acceperit.
543 795 653 867 Deus
671 809 832 864 aeternus
846 792 951 863 Pater
966 791 1115 863 Domini
1132 816 1199 860 no·
1252 795 1363 864 exitus
1377 792 1453 865 Deo
1471 799 1767 867 commendemus.

205 905 268 974 stri
287 900 363 970 lesu
377 897 510 971 Christi
525 910 638 969 servet
653 894 747 971 C.V.
763 909 798 965 et
811 911 908 984 regat
922 919 1010 964 eam.
1044 892 1199 986 Diequo
1349 894 1462 965 Filius
1478 900 1581 967 docet
1596 921 1723 986 magna
1740 921 1819 966 cum
1836 895 1941 966 laude
1956 890 2007 991 *).
2057 895 2150 968 Dedi
2165 896 2243 968 Do-

207 1006 404 1074 celebratur
419 1000 588 1070 memoria
604 992 777 1090 triumphi
792 995 880 1066 Filii
894 995 974 1084 Dei,
992 1019 1063 1089 quo
1078 1019 1202 1066 ascen·
1252 996 1342 1066 ctori
1357 990 1541 1067 Chiliano
1555 992 1713 1094 Aquilae
1733 998 1935 1087 epistolam,
1966 1023 2006 1066 ex
2028 1025 2096 1091 qua
2110 1024 2244 1090 cogno·
2267 1091 2270 1094 .

209 1107 264 1175 dit
279 1106 317 1173 in
332 1105 468 1174 coelum
485 1114 662 1194 spectante
677 1097 846 1172 Ecclesia.

209 1431 277 1502 No.
304 1425 418 1498 3480.

212 1525 420 1556 m

587 1622 825 1708 Studiosis.

280 1787 387 1859 Scripta
404 1783 481 1858 publ.
498 1781 623 1837 Witteb.
644 1782 665 1837 l.
683 1800 711 1851 p.
727 1781 777 1835 169
787 1777 815 1833 b.

326 1937 525 2039 Philippus
550 1929 778 2009 Melanthea
805 1929 1094 2030 (Studiosis).

212 2091 341 2182 Hodie
357 2102 443 2174 hora
457 2104 570 2196 prima
586 2098 852 2196 convenientia
867 2101 973 2168 domo
987 2093 1206 2177 Academiae,

213 2215 253 2281 in
283 2234 349 2304 qua
376 2221 426 2276 est
448 2205 666 2275 auditorium
690 2201 1045 2284 iurisconsultorum,
1080 2196 1205 2266 delecti

214 2340 255 2384 ex
271 2309 474 2386 Voitlandis
490 2308 533 2375 ad
553 2305 739 2396 stipendia.
786 2302 911 2373 Sciunt
927 2302 1034 2384 enim,
1061 2298 1206 2367 nomina

215 2436 357 2494 eorum,
390 2410 451 2500 qui
485 2408 529 2475 ad
557 2429 701 2474 examen
727 2415 922 2485 venerunt,
963 2398 1206 2470 illustrissimo

213 2511 373 2601 Principi
389 2509 559 2578 mittenda
576 2528 660 2577 esse.
684 2500 734 2575 Et
747 2503 871 2574 studiis
887 2502 1012 2571 utilem
1027 2525 1099 2570 esse
1114 2496 1206 2568 hanc

214 2612 470 2705 inspectionem
490 2607 672 2677 doctrinae
688 2619 723 2675 et
741 2607 786 2675 ad
803 2603 1025 2693 disciplinam
1042 2603 1206 2694 prodesse

215 2735 405 2808 speramus.
430 2709 539 2779 Decet
554 2721 668 2776 autem
684 2730 806 2776 omnes
820 2708 908 2774 bene
926 2718 1079 2775 moratos
1090 2727 1207 2772 amare

215 2839 342 2887 nervos
377 2812 597 2903 disciplinae.
658 2807 732 2878 Nec
765 2831 896 2876 nomen
925 2821 1063 2877 tantum
1091 2805 1204 2893 gentis

215 2919 399 2996 l'ariscae,
424 2938 444 2982 a
461 2912 607 2981 veritate
624 2911 766 2994 iactum,
792 2910 851 2977 sed
869 2908 974 2976 etiam
991 2931 1047 2976 res
1061 2929 1206 2995 magnae

215 3021 319 3101 olim,
343 3038 407 3106 pro
423 3013 627 3084 defensione
645 3011 815 3082 libertatis
831 3005 1063 3078 Germanicae
1079 3022 1206 3098 gestae,

214 3121 431 3210 significant,
464 3136 591 3202 magna
622 3112 764 3182 virtutis
793 3112 957 3180 exercitia
981 3111 1020 3176 in
1043 3135 1081 3179 ea
1105 3122 1207 3198 gente

213 3224 336 3303 luisse,
361 3242 450 3307 quae
471 3214 604 3284 imitari
624 3227 781 3304 posteros
804 3236 942 3283 necesse
961 3225 1023 3284 est.
1074 3210 1205 3283 Datum

213 3319 248 3393 5.
263 3321 377 3402 lunii,
402 3342 496 3388 anno
516 3313 625 3388 1546.

212 3681 278 3752 No.
299 3675 413 3753 3481.

219 3778 430 3811 Μ

597 3875 634 3962 I.
655 3881 804 3964 Ionae.

282 4032 305 4103 †
324 4011 360 4085 Er
379 4031 535 4105 apographo
553 4031 648 4085 Barari
667 4031 730 4087 Vol.
743 4031 765 4087 l.
784 4047 811 4102 p.
825 4031 884 4087 964.

1252 1120 1324 1166 sces
1345 1095 1414 1192 τὴν
1432 1093 1673 1198 auoyeuipyov
1689 1095 1843 1192 μανίαν.
1894 1098 1991 1171 Deus
2006 1114 2104 1190 regat
2119 1099 2243 1171 Eccle-

1253 1200 1320 1268 sias
1343 1217 1499 1281 nostras,
1526 1214 1560 1270 et
1581 1202 1618 1268 in
1644 1202 1694 1270 eis
1714 1197 1968 1271 haereditatem
1990 1203 2063 1270 filio
2088 1226 2150 1271 suo
2169 1203 2260 1276 Do-.

1253 1301 1350 1370 mino
1366 1317 1487 1372 nostro
1506 1301 1584 1371 Iesu
1602 1298 1687 1372 Chr.
1700 1316 1889 1370 extremam
1904 1304 2055 1392 colligat.
2073 1301 2243 1385 ‚Decrevi

1169 1464 1177 1480 ,
1254 1404 1429 1492 expatiare
1453 1407 1495 1473 ad
1517 1405 1711 1494 principem
1729 1395 1928 1495 Georgium
1944 1405 1983 1473 in
1999 1405 2164 1474 viciniam
2182 1430 2244 1474 ve-

1254 1516 1374 1590 stram,
1400 1531 1470 1598 quo
1487 1529 1586 1595 spero
1608 1519 1642 1574 te
1656 1529 1797 1598 quoque
1813 1518 2002 1575 venturum
2018 1528 2101 1578 esse.
2151 1505 2243 1575 Nam

1255 1608 1349 1696 quod
1364 1607 1548 1696 significas,
1573 1620 1607 1675 te
1624 1600 1694 1675 huc
1708 1605 1964 1696 expatiaturum
1980 1630 2063 1690 esse,
2086 1607 2153 1677 scis
2169 1633 2243 1677 non

1255 1708 1330 1774 sine
1344 1732 1471 1796 magno
1489 1722 1607 1776 sumtu
1623 1707 1691 1776 tale
1706 1708 1792 1790 iter,
1817 1709 1978 1798 quamvis
1997 1732 2070 1776 non
2087 1710 2244 1798 longum,

1255 1819 1326 1875 ate
1343 1810 1419 1877 fieri
1438 1831 1550 1898 posse.
1583 1806 1699 1877 Vidua
1715 1800 1774 1901 Μ)
1796 1809 1878 1877 lecit
1896 1809 2085 1878 emtionem
2103 1812 2243 1880 duobus

1256 1909 1416 1978 millibus
1433 1923 1467 1978 et
1484 1910 1655 1981 ducentis.
1688 1908 1781 1979 Satis
1797 1932 2008 1983 exercemur.
2041 1908 2138 1980 Bene
2153 1913 2243 1995 vale,

1255 2011 1313 2078 die
1330 2023 1391 2080 tuo
1405 2009 1525 2094 natali,
1551 2035 1621 2102 quo
1638 2007 1782 2078 Graecis
1796 2011 1886 2079 duae
1907 2011 2072 2082 victoriae
2089 2012 2242 2082 clarissi-

1257 2135 1333 2180 mae
1347 2125 1467 2203 partae
1484 2125 1567 2181 sunt
1581 2100 1764 2180 Leuctrica
1781 2125 1814 2181 et
1833 2112 2051 2184 Gervestana
2067 2106 2159 2205 mll).

1257 2430 1322 2501 No.
1337 2430 1451 2504 8489.

1260 2527 1463 2562 Μ

1540 2609 1599 2696 Α.
1621 2611 1956 2701 Lauterbacbio.

1324 2774 1346 2838 ·1·
1365 2770 1402 2824 Er
1416 2791 1512 2847 apogr.
1525 2774 1554 2829 in
1567 2774 1629 2830 cod.
1645 2773 1728 2828 Goth.
1744 2774 1805 2830 190.
1822 2792 1848 2845 p.
1864 2774 1923 2830 121.

2116 2443 2147 2504 8.
2160 2435 2231 2498 lun.

2105 2528 2243 2555 Μ

1258 2922 1461 3002 Antonio
1484 2926 1809 3051 Lauterbneli,
1839 2925 1990 3002 Pastori
2004 2923 2246 3019 Eccles.Pir-

1569 3066 1571 3073 ·
1683 3058 1819 3109 nensis.

1255 3159 1302 3250 S.
1328 3177 1374 3254 D.
1409 3176 1622 3252 Venerande
1639 3181 1683 3258 D.
1699 3181 1849 3257 Antoni.
1891 3181 1985 3256 Utile
2004 3196 2055 3252 est
2069 3177 2247 3251 Ecclesiae

1257 3279 1341 3366 Dei,
1367 3283 1462 3352 bona
1485 3298 1518 3354 et
1540 3287 1719 3354 moderata
1741 3284 1884 3375 ingenia
1908 3285 2071 3355 uberiore
2087 3285 2248 3352 doctrina

1257 3383 1368 3452 excoli
1383 3398 1416 3454 et
1431 3385 1570 3460 instrui.
1599 3385 1689 3457 Cum
1705 3387 1812 3476 igitur
1828 3388 1965 3456 indoles
1981 3381 2008 3456 I
2006 3378 2134 3480 asephi
2145 3408 2247 3477 prae-

1257 3483 1349 3553 clara
1375 3487 1438 3571 sit,
1469 3501 1574 3578 opto,
1604 3503 1645 3558 ut
1669 3488 1708 3554 in
1732 3483 1923 3556 Academia
1945 3488 2079 3556 diutius
2105 3509 2246 3555 manere

1256 3586 1385 3676 possit,
1414 3588 1478 3657 ubi
1502 3584 1616 3657 adhuc
1631 3584 1699 3655 Dei
1722 3587 1891 3666 beneficio
1914 3587 2042 3656 florent
2063 3586 2247 3656 literarum

1196 3730 1203 3745 ·
1256 3687 1383 3766 studia,
1409 3711 1450 3756 ac
1467 3688 1531 3757 tibi
1547 3712 1625 3756 eum
1642 3689 1864 3760 commendo.
1898 3684 1981 3756 Non
1996 3689 2119 3757 aderat
2133 3677 2248 3756 Chri-

1254 3779 1450 3883 stophorus
1467 3781 1608 3871 Kittel,
1633 3811 1714 3858 cum
1736 3789 1941 3858 tabellarius
1964 3803 2077 3858 vester
2099 3785 2168 3858 huc
2186 3812 2248 3856 ve-

1194 3876 1198 3889 ’
1255 3889 1320 3958 nit.
1373 3886 1462 3958 Iussi
1487 3889 1595 3979 igitur
1620 3912 1701 3958 euro
1719 3890 1860 3964 accersi.
1911 3889 2048 3960 Interea
2064 3889 2244 3958 neminem

1256 3989 1402 4058 Senatui
1425 4006 1540 4062 vestro
1562 3990 1734 4075 indicavi;
1763 3993 1846 4061 volo
1872 3992 1967 4060 enim
1988 3992 2131 4080 priuset
2147 3983 2244 4056 bunc

1256 4078 1565 4188 Christophorum
1589 4093 1713 4162 audire
1727 4088 1765 4186 ¹).
1815 4090 1954 4185 Caeteri
1969 4085 2167 4160 Dimenses
2183 4089 2247 4180 qui

212 4184 423 4284 Reuerendo
448 4188 543 4274 aira,
569 4183 770 4258 eruditione
792 4198 823 4257 et
851 4186 979 4257 uirtute
998 4188 1209 4284 praestanti
1256 4194 1390 4261 adsunt·
1412 4217 1536 4262 ornnes
1565 4188 1700 4264 habent
1733 4217 1796 4264 cur
1829 4194 1868 4263 in
1890 4189 2080 4262 Academia
2103 4213 2248 4259 manere

211 4287 267 4362 D.
292 4287 318 4358 I
325 4301 429 4362 usta
454 4288 483 4361 I
488 4315 602 4361 onae
627 4286 737 4363 Daci.
752 4283 904 4374 Theai,
927 4286 1113 4387 Episcopo
1130 4288 1206 4361 Ec-
1256 4292 1394 4363 malint.
1453 4292 1497 4363 ln
1526 4293 1684 4365 Ecclesia
1716 4308 1876 4364 crescunt
1909 4293 2083 4385 pericula3
2127 4314 2248 4360 recens

213 4388 344 4461 alesine
379 4389 458 4462 Dei
495 4392 535 4461 in
569 4387 718 4460 Salinis
755 4387 955 4461 Saxonicis
989 4394 1108 4465 amico
1139 4388 1218 4464 suo¹
1256 4393 1351 4464 enim
1369 4395 1436 4484 legi
1452 4397 1636 4488 epistolam
1653 4386 1858 4490 Campani,
1885 4396 1946 4488 qui
1961 4407 2109 4484 vagatur
2125 4394 2161 4460 in
2181 4388 2248 4458 Iu-

400 4493 529 4568 eariss.
549 4487 752 4589 Philippus
773 4486 1016 4567 Melanthea.
1037 4511 1044 4522 '
1257 4493 1413 4566 liaeensi
1428 4499 1575 4581 ditione,
1589 4497 1629 4564 in
1644 4520 1714 4588 qua
1730 4497 1926 4581 minitatur,
1943 4521 1979 4566 se
1995 4495 2250 4565 labefactatum

213 4620 257 4712 S.
272 4636 317 4712 D.
351 4634 472 4725 Imago
487 4635 676 4724 Ecclesiae,
700 4663 808 4732 quarn
827 4638 942 4730 pingit
954 4635 1088 4726 Esaias,
1113 4667 1205 4735 quo-

214 4743 300 4862 }idie
316 4735 404 4809 “ubl
422 4740 468 4807 ⁰b
484 4739 604 4806 offilos
620 4754 796 4826 ‘'maim'‘
816 4741 861 4860 'in
878 4765 946 4834 qua
962 4740 1030 4859 aif’
1055 4767 1205 4834 Puerum
1325 4793 1437 4837 exeunte
1450 4801 1521 4836 anno
1532 4784 1605 4838 1644.
1625 4786 1706 4837 Anno
1716 4776 1793 4840 1546.
1800 4783 1894 4839 docuit
1907 4784 2077 4840 dialecticen.
2098 4783 2161 4838 Vid.

215 4869 252 4913 ro
288 4844 451 4932 aspidum
480 4861 584 4928 specu
609 4841 787 4911 sedentem
814 4856 907 4912 mter
931 4845 1069 4933 aspides
1089 4859 1206 4914 tamen
1323 4862 1368 4922 pra
1383 4851 1457 4922 publ·
1472 4850 1505 4904 T·
1519 4857 1543 4906 1.
1557 4870 1585 4922 p.
1600 4853 1659 4907 147.

216 4943 361 5016 servari,
410 4939 528 5011 Huius
552 4962 608 5007 me
632 4934 772 5020 tthlVOg
794 4944 1004 5033 cogitatione
1025 4946 1207 5034 confirmo,
1290 4932 1383 5055 “lh
1403 4933 1525 5005 margine
1546 4953 1628 4989 manu
1642 4935 1737 4990 Barari
1756 4935 1923 5006 adscriptum
1937 4944 1991 4989 este
2019 4933 2060 4987 M.
2073 4934 2105 4987 1..
2125 4934 2251 5001 (Martini

125 5134 130 5140 .
214 5058 257 5116 ut
271 5044 517 5135 tranquilliore
532 5040 651 5109 animo
666 5042 821 5134 pericula
836 5047 958 5130 ieram,
978 5059 1014 5117 et
1028 5062 1206 5138 expectem
1347 5001 1460 5067 uthemt·
1495 5003 1894 5074 Detacemnonend.ep1u.
1915 5003 2252 5058 ndnmsdoroummr.

1289 4712 1320 4782 *l
1338 4714 1461 4785 loeoepit
1480 4715 1559 4769 lonae
1573 4715 1643 4769 filius
1658 4688 1766 4785 publice
1777 4713 1878 4768 docere
1893 4714 1920 4768 in
1940 4715 2023 4770 Acad.
2037 4715 2252 4840 Witebergensi

2195 4783 2253 4839 crit

1325 5070 1392 5124 Maii
1411 5071 1487 5124 1646.

214 5147 398 5218 coelestem
415 5142 667 5215 defensionem.
718 5141 792 5212 Nec
805 5145 951 5230 dubito,
971 5149 1064 5240 quin
1077 5149 1207 5219 simili-

215 5250 283 5318 bos
299 5245 599 5316 consolationibus
616 5257 649 5313 te
666 5267 808 5337 quoque
823 5259 1005 5316 sustentes.
1029 5247 1121 5319 Nam
1138 5246 1206 5321 hu-

215 5365 449 5439 mana'quam
466 5346 540 5416 ,siut
562 5345 702 5416 infirma
728 5347 811 5419 satis
836 5347 1046 5439 experimur.
1104 5347 1207 5422 Certe

1290 5158 1357 5224 ***)
1371 5159 1550 5215 Gervestana
1562 5179 1619 5214 non
1632 5160 1812 5231 descripserat
1819 5159 1947 5227 Bararus,
1960 5160 2029 5214 haud
2038 5159 2118 5214 dubie
2127 5158 2187 5231 quia
2196 5176 2253 5212 non

1325 5226 1414 5298 legere
1433 5229 1533 5299 potuit.
1575 5230 1676 5283 Addidi
1694 5247 1798 5282 nomen
1816 5246 1846 5280 er
1865 5227 1978 5300 epistola
1999 5230 2032 5283 ad
2051 5229 2207 5283 Fabricium
2222 5228 2250 5281 d.

1255 5337 1257 5341 -
1324 5297 1352 5350 6.
1366 5297 1427 5350 lun.
1444 5297 1522 5353 1548.

1295 5385 1321 5451 1)
1340 5380 1406 5437 vid.
1422 5400 1468 5453 ep.
1484 5382 1517 5438 ad
1532 5381 1621 5438 Senat.
1636 5381 1760 5437 Pimens.
1775 5381 1802 5438 d.
1820 5381 1860 5436 16.
1876 5381 1935 5440 tun.
1949 5383 2027 5441 1546.
