4748 6022
87 376 141 449 es
227 422 230 426 ⁴
674 336 1104 445 nrrsronauuu
1168 364 1278 438 nm.
1313 365 1361 442 x.
1420 362 1556 438 rste.
2084 363 2134 436 er

90 542 289 675 Q.
919 552 976 617 26.
1001 526 1090 609 Mart.
1146 537 1284 609 inimici
1300 539 1484 630 evangelii,
1510 537 1648 633 aliquos
1664 538 1742 631 pios
1758 537 1851 607 cives
1868 561 1910 606 er
1926 536 2058 628 oppido
2076 559 2137 606 er·

879 675 880 678 *
917 637 1090 694 ΤΝ
1147 641 1316 731 pulerunt
1351 655 1496 734 propter
1526 664 1630 709 verae
1659 639 1841 710 doctrinae
1869 635 2137 709 confessionem.

372 749 428 836 H,
456 746 822 862 Baumgartnero,
1108 756 1111 761 ’
1145 740 1250 813 Nunc
1273 743 1436 814 diabolus
1462 742 1597 812 visibili
1621 741 1736 833 specie
1759 743 1798 809 in
1825 741 1956 834 oppido
1979 754 2138 831 vagatur,

89 902 93 909 .
164 903 310 960 00000100
343 906 381 961 00
459 908 508 963 m
579 936 616 949 -
658 907 691 960 H.
806 914 853 961 uto
922 903 958 958 ho
978 901 1008 956 tn
1028 900 1081 959 eod
1145 845 1231 915 alias
1247 845 1400 936 leporis,
1425 844 1511 915 alias
1527 844 1714 929 mustelae,
1738 842 1826 913 alias
1840 843 1974 912 anseris
1988 843 2138 934 figuram

190 925 444 1050 ⁹M3„,1‚'9‚§1,⁹'
526 926 568 980 sq.
685 927 710 964 ¹⁰
732 926 803 963 ⁰⁸⁸
855 923 920 977 grap
1084 939 1094 962 ⁴
1145 946 1214 1033 sibi
1241 947 1465 1032 circumdans
1486 960 1521 1017 et
1540 946 1724 1039 perspicua
1746 968 1832 1015 voce
1853 937 2138 1038 loquiturmini'·

1144 1063 1242 1137 tans,
1288 1073 1325 1120 se
1355 1050 1528 1142 oppidum
1558 1049 1870 1140 ,inflammaturum
1909 1068 1994 1119 esse.
2058 1043 2138 1116 Hoc

1143 1143 1282 1242 spec‘tro
1305 1164 1550 1222 consternatus
1570 1152 1723 1242 populus
1746 1149 1850 1218 valde
1867 1148 2027 1236 angitur,
2053 1146 2137 1240 quia

1144 1278 1219 1322 non
1233 1253 1377 1339 didicit,
1402 1254 1529 1324 fiducia
1550 1253 1615 1322 filii
1630 1251 1698 1324 Dei
1711 1250 1955 1343 repellendum
1971 1272 2044 1319 esse
2060 1249 2137 1317 dia-

96 1330 141 1423 s·
169 1347 214 1425 D·
264 1345 312 1421 El
334 1350 505 1441 diligebat
525 1365 559 1421 te
580 1341 772 1418 Lnthcrus
792 1361 826 1417 el
842 1370 979 1439 semper
999 1347 1043 1414 de
1059 1356 1093 1413 le
1144 1356 1280 1430 bolum.
1331 1353 1405 1426 Nos
1424 1380 1509 1427 vero
1522 1379 1589 1448 pro
1604 1350 1672 1425 bac
1684 1353 1779 1424 Luce
1795 1352 1970 1442 evangelii
1991 1370 2135 1441 agamus

96 1450 336 1523 amantissime
378 1448 804 1544 honorificentissimeque
850 1451 989 1520 locutus
1031 1459 1093 1520 est
1143 1455 1219 1528 Deo
1236 1456 1365 1547 gratias
1386 1471 1420 1528 et
1436 1482 1518 1528 vera
1535 1457 1604 1526 fi'de
1618 1479 1759 1527 oremus
1773 1453 1907 1538 Deum,
1938 1467 1977 1523 ut
1992 1464 2139 1546 propter

98 1552 180 1627 Seli)
208 1554 313 1624 eiiam
347 1555 555 1625 ardentibus
579 1553 673 1626 VOilS
704 1567 802 1625 illam
835 1555 982 1623 salutem
1010 1572 1090 1638 elim
1142 1559 1256 1631 filium
1273 1560 1503 1632 mediatorem
1520 1559 1724 1630 crucifixum
1741 1581 1808 1648 ppo
1821 1556 1926 1626 nobis
1940 1553 2139 1625 cimusel-

97 1656 360 1727 commendasse
392 1655 489 1744 Deo,
526 1681 607 1728 cum
648 1656 805 1727 latrones
842 1655 917 1740 illi,
959 1651 1022 1746 qui
1057 1665 1092 1722 te
1141 1674 1255 1732 tatum
1268 1686 1335 1732 nos
1352 1663 1520 1733 defendat
1535 1674 1686 1752 etregat
1736 1657 1835 1729 Bene
1850 1671 1884 1728 et
1898 1658 2048 1729 feliciter
2061 1655 2145 1730 vale.

96 1769 237 1850 captum
267 1760 505 1844 abduxerant,
544 1773 578 1829 et
607 1759 653 1828 ab
673 1753 921 1827 honestissima
941 1754 1092 1842 coniuge
1141 1761 1451 1837 Reverendissime
1466 1764 1623 1837 domine,
1674 1760 1738 1837 25,
1754 1761 1812 1832 die
1828 1759 1966 1834 Martii,

97 1883 137 1931 ac
158 1860 283 1930 liberis
305 1875 339 1931 et
361 1884 379 1930 a
403 1859 546 1952 Repub.
567 1872 683 1928 vestra
700 1857 959 1928 abstraxissent.
1011 1853 1093 1923 Me-

95 1960 287 2032 minirum
309 1985 438 2054 magno
462 1960 576 2031 animi
601 1974 719 2045 motu,
754 1961 850 2052 quod
872 1959 912 2026 in
934 1955 1093 2046 corporis
1581 2012 1587 2025 ,
1812 2031 1813 2034 0

94 2062 264 2155 periculis
279 2088 353 2133 nou
373 2087 475 2154 saepe
490 2062 659 2145 faciebat,
691 2062 736 2130 de
751 2075 813 2132 tuo
828 2083 966 2130 carcere
982 2056 1092 2149 toqui.
1155 2058 1223 2134 No.
1247 2059 1361 2134 3427.
1806 2065 1866 2130 27.
1884 2055 1975 2125 Mart.
1993 2055 2042 2136 (h.
2060 2049 2126 2136 ai)

96 2161 220 2254 Quare
241 2179 387 2259 propter
405 2163 579 2257 privatam
608 2156 800 2233 amicitiam
819 2163 939 2232 dolere
960 2174 994 2230 te
1017 2182 1093 2227 non
1150 2159 1363 2196 m
1542 2177 1548 2197 ⁴
1802 2149 2134 2190 *m

93 2265 235 2342 dubito.
294 2265 365 2339 Sed
386 2290 510 2337 causae
523 2265 697 2357 'publicae
725 2265 839 2335 multo
867 2263 987 2356 plures
1010 2272 1096 2329 sunt·
1464 2266 1517 2351 ‚L
1544 2261 1795 2377 Agricolae.

92 2366 212 2438 luctus
232 2369 442 2442 communis.
503 2366 641 2438 Verum
663 2367 720 2459 pia
736 2380 819 2437 vota
835 2366 1093 2452 coniungamus
1248 2422 1285 2477 Ε,
1416 2424 1422 2438 ,
1498 2423 1608 2478 dP·
1653 2426 1681 2479 D
1706 2425 1731 2479 L
1757 2426 1811 2480 54⁴

96 2492 136 2539 ac
158 2468 265 2539 simul
287 2494 428 2542 oremus
448 2467 584 2540 Filium
609 2468 679 2540 Dei
701 2467 898 2539 Dominum
930 2479 1092 2537 nostrum
1210 2426 1231 2489 †
1302 2442 1396 2497 ’Μ’
1414 2442 1444 2479 ¹¹¹
1462 2442 1528 2482 ⁰⁰⁸
1570 2443 1632 2567 ³⁹⁰⁸·
1810 2466 1818 2483 ‘

93 2567 212 2641 Iesum
227 2567 433 2658 Christum,
467 2596 512 2642 ne
535 2572 716 2667 relinquat
729 2586 794 2642 nos
808 2565 1005 2663 orphanos,
1029 2567 1092 2636 sed
1403 2545 1431 2619 Ῑ
1439 2573 1583 2621 01111111
1609 2544 1808 2646 ’43111οῙ
1813 2574 1875 2620 111·

96 2687 193 2766 regat
208 2672 282 2766 ipse
297 2670 493 2745 Ecclesiam
516 2698 617 2746 suam
639 2687 673 2745 et
703 2673 845 2767 politias
859 2667 885 2770 ¹)
915 2668 1093 2742 Ecclesia·
1141 2649 1185 2745 S.
1215 2666 1260 2743 D.
1312 2667 1474 2752 Viennae
1486 2672 1602 2764 primo
1617 2672 1676 2742 die
1689 2670 1815 2757 Martii
1829 2694 1998 2762 magnum
2012 2691 2137 2760 agmen

95 2798 176 2845 rum
197 2770 364 2870 hospitia.
421 2772 574 2848 Bene'et
595 2768 768 2848 foeliciter
788 2770 867 2846 vale
882 2798 963 2845 cum
979 2768 1093 2843 hone·
1141 2771 1307 2844 Picatum
1329 2774 1498 2844 advolans
1522 2774 1683 2845 consedit
1698 2774 1738 2844 in
1756 2787 1848 2844 tecto
1865 2772 1997 2866 templi.
2050 2768 2139 2842 Mox

95 2876 247 2948 ctissime
269 2869 420 2971 coniuge
443 2893 478 2953 et
503 2873 741 2951 dilectissimis
767 2876 902 2951 liberis.
959 2874 1017 2945 die
1031 2870 1092 2946 25.
1142 2875 1285 2945 advolat
1300 2898 1425 2966 agmen
1442 2874 1752 2967 Monedularurn,
1772 2889 1811 2946 ut
1830 2872 1961 2970 picas¹)
1977 2872 2139 2966 depellat.

93 2974 242 3066 Martii,
279 3005 384 3076 quem
419 2984 487 3053 scis
520 2980 714 3054 existimari
745 2980 842 3051 diem
875 2976 1092 3050 conditionis
1142 2974 1284 3049 Acriter
1306 2978 1477 3071 utrinque
1506 2992 1671 3053 certatur.
1728 2978 1797 3050 Sed
1823 2976 2041 3048 Monedulae
2063 2997 2138 3042 non

91 3075 197 3151 Adae
219 3092 254 3149 et
274 3096 471 3175 assumptae
494 3098 641 3155 naturae
666 3079 844 3154 humanae
867 3105 887 3152 a
909 3077 1005 3151 Filio
1022 3077 1090 3151 Dei
1141 3074 1236 3148 nihil
1251 3080 1507 3170 reprimuntur.
1557 3078 1637 3150 Hoc
1660 3103 1742 3149 cum
1761 3079 1820 3163 fit,
1852 3078 1997 3148 advolat
2011 3098 2138 3165 agmen

70 3193 127 3250 ,et
141 3178 324 3252 Passionis
341 3182 428 3259 eius.
478 3182 576 3256 Dens
591 3198 627 3256 te
642 3198 757 3255 servet
769 3181 810 3279 ²).
1140 3178 1361 3270 Corsorum,
1405 3181 1502 3273 quod
1525 3181 1697 3272 impetum
1722 3179 1761 3249 in
1790 3180 1885 3271 picas
1904 3179 1990 3250 facit
2013 3200 2140 3271 easque

44 3300 46 3307 '
456 3284 461 3293 ’
597 3297 788 3394 philippus
810 3295 1040 3371 Melanthon,
1142 3276 1364 3376 dissipatas²)
1387 3281 1430 3350 in
1443 3283 1563 3371 fugam
1580 3281 1695 3355 vertit.
1752 3277 1830 3351 Etsi
1847 3282 1884 3352 id
1901 3279 2140 3373 spectaculum

1140 3382 1329 3453 fortuitum
1345 3406 1418 3453 esse
1433 3383 1549 3476 potuit
1563 3379 1627 3456 καὶ
1644 3381 1809 3477 ἄσημον,
1834 3397 1952 3453 tamen
1968 3396 2139 3475 tanquam

1142 3498 1321 3556 ostentum
1345 3484 1568 3557 sermonibus
1593 3480 1782 3557 hominum
1806 3488 2014 3559 celebratur.
2064 3481 2139 3553 Ne'c

104 3609 173 3685 No,
189 3608 307 3684 3426,
540 3591 544 3601 '
782 3608 786 3617 ·
892 3575 1091 3695 ’00001000
1142 3587 1297 3657 difficilis
1317 3600 1369 3658 est
1390 3587 1646 3678 interpretatio.
1705 3587 1777 3659 Sed
1800 3585 1915 3659 Deum
1939 3608 2080 3657 oremus
2096 3597 2138 3655 ut

100 3714 313 3756 Μ
381 3687 384 3693 ’
526 3740 529 3745 -
930 3716 1088 3746 m
1126 3710 1274 3783 poenas
1282 3684 1460 3761 Ecclesiae
1477 3688 1724 3781 impendentes
1736 3689 1874 3779 mitiget
1883 3703 1918 3760 et
1931 3682 2139 3759 serretreli-

95 3936 105 3946 .
226 3828 508 3946 aa...
533 3825 663 3940 s...
691 3831 755 3918 ar
776 3845 958 3946 raam
1076 3791 1656 3965 *aristaeas
1677 3785 2139 3965 stratella:

135 4000 139 4011 “
162 4006 226 4082 †tt
243 4007 353 4067 collect.
372 4008 548 4065 Battensude.
567 4008 633 4066 vot.
653 4011 675 4065 1.
695 4030 722 4081 p.
739 4013 797 4084 to,
813 4011 860 4086 qni
875 4031 934 4067 om
949 4012 1092 4089 decripsit
1141 4020 1253 4082 num,¹
1283 3997 1384 4066 cuius
1406 3994 1576 4071 memoria
1584 3990 1614 4091 ³)
1635 3993 1909 4073 Hortensianam
1928 4007 1967 4064 et
1980 3990 2137 4063 Carnea-

197 4096 213 4132 θ
231 4096 370 4137 manum.
390 4078 507 4152 ⁶⁰‘¹¹’¹¹·
527 4078 587 4136 ³⁰³·
604 4082 660 4134 ⁴²⁰·
677 4080 730 4143 Ν·
748 4081 792 4136 ²⁴·
1141 4101 1243 4177 deam
1262 4097 1385 4169 vincit.
1420 4093 1518 4168 Bene
1536 4110 1571 4170 et
1584 4097 1736 4171 feliciter
1750 4100 1840 4172 vale.
1873 4099 1935 4173 27.
1952 4092 2077 4165 Martii
2087 4085 2135 4184 *).

93 4221 190 4316 „Ex
206 4196 323 4303 literis
345 4221 448 4301 Geo.
471 4205 729 4330 Amstorst'i
746 4198 964 4330 abipsoD.
982 4228 1091 4309 Plci-

94 4327 229 4429 lippo
261 4328 327 4403 illi
348 4329 617 4429 praescriptis*
650 4340 758 4419 (Haud
777 4342 870 4405 dnbio
893 4345 931 4406 ed
959 4343 1090 4428 Pensm,
1147 4334 1149 4338 ’

143 4445 281 4524 episcop.
299 4438 468 4523 Nutnburg.
507 4437 584 4507 Virl.
609 4448 696 4527 epist.
719 4441 796 4509 Mel.
819 4445 859 4508 sd
881 4442 1039 4512 Amsdorf.
1151 4417 1220 4492 ΝΟ·
1243 4412 1355 4493 3428·
1459 4452 1462 4456 ’
1706 4466 1707 4471 ’
1782 4474 1784 4479 ’
1911 4411 1981 4509 (⁶¹⁶
1995 4411 2136 4510 ΜΨ)

1146 4514 1359 4553 Μ
1915 4509 2130 4550 Μ

322 4564 324 4568 ⁴
380 4614 383 4620 ‚
437 4545 470 4609 d.
490 4550 524 4614 8.
537 4542 631 4610 Mare.
648 4547 680 4610 h.
696 4548 744 4629 a.)
1919 4554 1922 4562 '

93 4630 159 4726 De
174 4653 635 4745 conventuRatisbonensi,
659 4659 704 4729 de
713 4657 929 4735 Tridentina
942 4652 1088 4756 Synodo
1463 4618 1520 4709 N·
1546 4610 1843 4731 Am⁸d⁰lfl⁰s
1888 4705 1892 4712 -
1925 4631 1929 4638 ’

92 4779 217 4829 recens
247 4750 335 4827 haec
362 4757 570 4849 accepimus.
636 4759 694 4831 ln.
714 4759 864 4866 Synodo
900 4763 1088 4855 disputari,
1206 4771 1284 4841 ille
1306 4791 1358 4847 spo
1408 4775 1462 4849 pto
1485 4776 1515 4830 tn
1539 4774 1602 4831 cod.
1621 4750 1847 4860 doctmonte
1863 4770 1918 4834 42'0·
1934 4758 1984 4863 111.
2003 4778 2030 4834 3·
2049 4796 2078 4851 e·
2091 4779 2136 4835 21.

88 4872 214 4932 sturm
243 4860 344 4951 prius
362 4859 581 4931 instituenda
608 4862 654 4934 sit
678 4864 883 4938 reformatio
904 4867 1010 4953 cleri,
1048 4881 1090 4940 ut
1212 4841 1306 4968 {213
1322 4912 1345 4970 1·
1358 4794 1520 4987 §lapdon
1546 4842 1615 4941 ‘9⁸²
1637 4843 1771 4941 ΜΨ
1800 4863 1844 4901 ’“’
1859 4845 1989 4905 Bellene
2007 4846 2134 4905 ΜΨ·

90 4973 241 5047 vocant,
271 4985 320 5032 an
340 4963 591 5034 condemnatio
614 4961 829 5054 dogmatum.
888 4965 959 5039 Sed
980 4970 1087 5041 audio
1229 4992 1232 4997 ·
1373 4953 1391 5052 ,’
1748 4985 1751 4990 ·
1914 4983 1930 4993 ··
1953 4962 1969 4993 '³
2035 4964 2067 4997 ”

88 5062 193 5135 illam
221 5086 344 5133 veram
373 5059 572 5140 historiam.
623 5061 808 5159 Oppidum
831 5082 883 5142 est
907 5092 983 5140 non
999 5097 1088 5166 pro-

89 5165 153 5238 cul
166 5189 188 5236 a
202 5161 413 5239 Constantia
428 5160 636 5255 Rotweilo,
661 5169 725 5240 ubi
742 5171 986 5262 magistratus,
1017 5175 1087 5247 diri

95 1105 259 1188 Clariss.
296 1114 393 1200 viro,
434 1110 489 1189 D.
520 1112 810 1208 Hieronymo
842 1105 1094 1205 Bomgarl-

313 1239 362 1286 ne
373 1240 437 1302 ro,
475 1212 652 1287 Senatori
663 1212 800 1290 Norib.
817 1223 878 1288 etc.

1139 5074 1346 5088 uuus—*-

1172 5190 1199 5261 ι)
1218 5172 1562 5258 cornamento.
1585 5161 1770 5246 amenas*
2044 5241 2048 5251 ,
2094 5244 2100 5253 ,

117 5330 126 5345 0
776 5316 783 5326 .
1171 5272 1202 5342 2)
1220 5273 1293 5329 cod.
1312 5268 1409 5331 Plltic
1426 5272 1525 5329 iterum
1537 5275 1626 5344 poor,
1638 5299 1674 5315 -
1691 5286 1794 5344 eosque
1810 5268 1978 5342 δίεπ’ρὸιοες
1994 5274 2134 5332 mendose.

90 5365 310 5382 ··““··“··“····
680 5381 684 5393 .
1172 5357 1203 5429 8)
1217 5356 1293 5414 (iod.
1311 5355 1347 5412 P.
1362 5357 1530 5414 memorias
1739 5372 1743 5381 ·
1821 5384 1824 5389 ·
1951 5380 1957 5397 ¹

126 5486 157 5552 o
171 5483 276 5558 sont
293 5483 440 5542 meone
464 5490 604 5557 mem·
1173 5440 1862 5585 '¹lsttl⁶rltstf⁶³ltt.”:ttt⁶t.lstt
1874 5439 2134 5567 filtreis!

124 5567 234 5640 ilblia
253 5586 336 5626 mur
354 5568 508 5646 adscriptus
525 5573 623 5632 annue
636 5575 712 5634 rste.
1208 5589 1282 5641 stam
1297 5598 1365 5638 ease·
1402 5580 1483 5638 Certe
1500 5595 1558 5635 non
1571 5586 1633 5651 poet
1643 5574 1838 5635 munorillnro
1850 5575 1949 5649 scripta
1967 5594 2025 5636 esse
2038 5586 2135 5651 potest.
