4748 6022
232 178 283 251 47
821 161 1256 243 EPISTOLARUM
1304 164 1410 240 LIB.
1443 165 1492 242 X.
1545 159 1674 287 1846.

188 398 191 405 -
236 370 295 446 gen
314 348 390 440 bot,
423 341 497 439 oud)
521 341 613 434 bleta
635 336 728 427 tetre
750 335 1037 430 circumtonsa
1062 337 1223 432 bettoob
1467 332 1521 412 D.
1547 331 1763 408 Iohanni
1785 331 1845 408 M
1847 331 2056 410 attiesio

239 447 352 551 [but]
375 449 454 521 mili
472 467 504 519 ‘i
520 441 723 535 [8θῖῗῖῙὴῙῇη
741 440 788 512 bii
803 438 1225 534 terrenarumque&
1270 447 1315 539 S
1341 464 1387 540 D.
1438 465 1547 538 Velut
1568 469 1608 538 in
1630 471 1824 558 sentinam,
1857 473 1906 543 ita
1928 473 1967 541 in
1989 473 2065 543 loca
2089 496 2262 543 venarum

2214 169 2264 242 48

238 555 278 644 tie
291 550 373 644 nibt
388 548 532 623 untroot
548 547 725 636 einmeoqen
739 539 843 630 tollen.

593 643 767 736 &obsonet
782 638 1006 734 bogenbopm
1027 639 1144 726 bomo
1159 638 1206 717 D.

598 747 731 837 Caspar
745 743 948 832 Creutzigcr
966 741 1011 816 D.

603 843 793 939 Philippus
810 838 1036 917 Melanthon.

233 1100 239 1107 ,
341 1013 416 1087 etsie
437 1009 579 1102 befinbtn
601 1011 674 1104 oud)
700 1016 763 1082 aus
777 1013 835 1083 ben
851 1006 1036 1101 tbeddpten,
1056 1016 1121 1079 unt
1141 1026 1228 1100 pope

239 1117 350 1210 [subt.
375 1115 437 1206 bob
458 1116 518 1187 otte
534 1113 643 1203 estete
659 1113 772 1197 811118
787 1112 1012 1204 &eloquenter
1035 1110 1100 1181 eine
1121 1108 1228 1194 vro:

212 1219 218 1227 '
240 1215 440 1304 testatior
462 1215 578 1307 gelboe
598 1219 661 1285 ono
684 1213 929 1286 ibetontnottet
948 1208 1112 1307 hobed),
1137 1211 1229 1283 botin

240 1318 281 1408 fic
302 1319 472 1402 borreum,
497 1318 557 1404 bot
582 1316 621 1405 [ie
644 1315 700 1406 tte,
723 1313 783 1404 out
802 1314 848 1385 bic
861 1313 938 1403 tebt
960 1315 1013 1384 bet
1028 1310 1230 1404 bogtbutgb

241 1418 324 1511 ideo
340 1417 520 1509 doofcttioo
533 1416 634 1508 aiebm
643 1463 654 1500 ,
679 1418 737 1507 tot
752 1414 791 1505 tie
809 1414 964 1506 bietetbige
980 1413 1085 1504 butten
1099 1415 1163 1485 aab
1177 1418 1231 1487 bos

241 1521 290 1593 bei
312 1541 349 1610 ao
367 1519 484 1591 bleibeo
506 1517 674 1609 peterten,
699 1521 763 1589 aab
780 1516 892 1588 notan
914 1516 953 1605 [ie
968 1514 1037 1606 icoo
1049 1539 1113 1606 pro
1130 1539 1231 1608 repe-

241 1622 307 1694 tita
318 1621 443 1711 balteo,
457 1623 520 1691 oab
537 1619 638 1709 beben
653 1616 690 1705 tie
707 1617 759 1708 flu
774 1618 822 1688 bie
837 1615 931 1707 tedpte
946 1612 1117 1687 catholica
1134 1613 1232 1705 britte

243 1721 314 1813 ttae
337 1721 423 1810 teht.
482 1718 620 1809 18111)εό
646 1721 725 1811 otpu
746 1718 871 1811 Saufei
893 1717 1068 1821 geleiten,
1097 1717 1157 1807 bob
1178 1725 1232 1791 bct·

243 1821 429 1916 depromsit
447 1823 526 1915 nidpt
542 1823 621 1894 einer
635 1819 795 1911 bottufioo
814 1839 851 1910 aa
869 1828 1028 1910 genotten
1044 1819 1133 1909 bole.

242 2044 497 2060 W
1014 2043 1228 2055 ‘ut—*—

997 2175 1002 2188 “
1069 2197 1126 2256 12.
1146 2149 1233 2251 Febr.

1055 2277 1226 2308 Μ

242 2187 310 2260 No.
335 2185 448 2259 3382.

250 2286 460 2323 w

607 2349 658 2430 F.
688 2346 898 2453 Myronis.

314 2511 391 2564 Edita
409 2527 425 2562 a
445 2505 586 2578 Snegassio
606 2523 648 2575 ep.
667 2503 710 2557 66.

243 2640 455 2741 Reverendo
483 2660 575 2743 viro,
604 2655 805 2730 eruditione
823 2667 855 2728 et
873 2657 1001 2730 virtute
1041 2663 1233 2747 recolenti,

244 2769 413 2841 Domino
441 2759 689 2835 Friderico
716 2757 955 2855 Myconio,
982 2685 1136 2835 lidori
1157 2763 1234 2837 Ec-

246 2869 378 2944 clesiae
403 2864 482 2937 Dei
506 2865 545 2936 in
572 2857 706 2961 oppido
730 2856 877 2949 Gotho,
906 2862 1025 2934 amico
1051 2874 1082 2934 et
1109 2865 1236 2966 fratri

624 2989 691 3035 suo
715 2963 842 3036 coriss.

194 3136 197 3144 ·
244 3088 290 3178 S
317 3106 362 3180 D.
402 3088 840 3178 Laudabuncnominum,
856 3097 919 3191 qui
934 3101 1122 3192 requirnnt
1137 3131 1233 3176 eum:

245 3210 366 3280 vivent
382 3207 489 3276 corda
502 3226 625 3272 eorum
642 3202 681 3269 in
696 3203 853 3272 seculum
871 3201 991 3282 seculi,
1009 3203 1235 3298 inquitPsal-

245 3334 335 3378 vnrrs.
386 3307 468 3376 Scio
486 3318 519 3373 te
541 3304 648 3373 fuisse
665 3303 758 3374 inter
774 3303 852 3394 pios
867 3298 1056 3375 Ministros
1073 3303 1249 3400 Evange-

244 3412 306 3493 lii,
329 3407 547 3500 requirentes
570 3399 698 3477 Deum.
749 3401 834 3473 Ideo
859 3415 893 3471 et
910 3415 949 3471 tu
971 3406 1134 3479 laudabis
1155 3437 1234 3482 cum

194 3509 201 3536 ‘
247 3509 381 3581 laetitia
406 3507 506 3575 inter
515 3497 710 3593 Prophetas
727 3519 761 3574 et
775 3501 967 3594 Apostolos
980 3513 1161 3581 communi
1176 3537 1235 3582 ex-

247 3612 400 3682 sultans:
427 3620 461 3675 et
476 3605 570 3672 vivet
587 3627 648 3672 cor
664 3619 763 3673 tuum
778 3604 817 3671 in
833 3603 990 3674 seculum
1007 3611 1128 3686 seculi,
1162 3613 1235 3683 Ta.

247 3714 343 3782 libus
367 3725 400 3780 te
423 3704 719 3802 promissionibus
734 3702 803 3774 Dei
820 3703 912 3773 veris
934 3720 969 3776 et
983 3709 1094 3780 firmis
1110 3737 1235 3785 conso-

246 3816 333 3883 lare.
386 3806 560 3879 Fortassis
576 3807 660 3875 etin
676 3800 742 3875 hac
758 3805 830 3876 vita
845 3807 940 3896 apud
954 3810 1175 3885 dulcissimos
1191 3818 1237 3885 li-

246 3917 351 3984 beros
381 3926 460 3980 tuos
482 3902 598 3977 adhuc
632 3907 887 4002 aliquantisper
915 3909 1076 3983 laudabis
1100 3916 1234 4003 Deum;

247 4016 364 4109 quod,
387 4024 428 4082 ut
443 4009 521 4091 fiat,
544 4022 640 4096 opto.
685 4008 725 4079 si
742 4020 823 4077 ante
839 4032 895 4076 me
910 4034 952 4079 ex
967 4009 1032 4084 hac
1048 4041 1238 4088 aerumno-

247 4141 285 4187 sa
299 4115 372 4185 vita
389 4108 611 4193 oneraberis,
637 4110 700 4179 ubi
720 4124 843 4200 potero
865 4109 985 4182 liberis
1008 4118 1078 4187 tuis
1095 4121 1238 4189 benefa-

247 4241 346 4302 cere,
365 4213 493 4286 saciam
515 4209 675 4284 fideliter.
727 4208 823 4279 Bene
838 4212 927 4286 vale.
956 4218 1014 4289 12.
1028 4217 1114 4293 Feb.
1130 4216 1239 4294 1546.

751 4305 939 4405 Philippus
964 4313 1188 4398 Melanthon.

249 4637 319 4710 No.
334 4630 446 4705 8888.

256 4726 428 4763 w

599 4798 638 4881 Ι.
667 4798 919 4884 Mottbesio.

317 4962 415 5020 Manlii
429 4961 529 5082 iarrap.
541 4976 568 5030 p.
580 4957 625 5014 91.
650 4958 741 5043 Epist..
749 4961 796 5018 lib.
811 4963 850 5024 11.
862 4983 889 5035 p.
905 4963 948 5020 42.
963 4966 1019 5034 (ed.
1034 4967 1126 5029 Lond.
1139 4976 1240 5035 lib.'ll.

353 5029 466 5172 {pazt
516 5036 604 5081 terum
622 5047 638 5083 a
651 5027 760 5107 Perelio
775 5032 845 5086 edita
857 5034 885 5088 in
900 5032 968 5090 Mel.
982 5035 1087 5100 consil.
1101 5042 1149 5099 lat.
1163 5046 1239 5107 P.ll.

1080 4653 1138 4714 18.
1152 4647 1239 4714 Febr.

1060 4733 1232 4769 Μ

251 5213 480 5234 Μ

235 5358 239 5371 μ
285 5288 314 5355 ⁹)
332 5284 402 5344 Vide
416 5281 630 5356 illamppistolae
644 5285 759 5342 Maioris
777 5287 806 5339 d.
821 5289 863 5342 to.
875 5286 957 5342 Frbc.
969 5232 1134 5356 adiunctam.

1271 568 1526 640 metallicarum
1547 593 1685 664 semper
1707 597 1748 642 ex
1770 574 1878 643 variis
1898 573 2075 644 Gentibus
2097 569 2262 643 homines

1273 670 1478 756 confluunt,
1497 671 1627 742 imbuti
1644 673 1791 744 diversis
1807 675 2057 766 opinionibus,
2084 689 2118 745 et
2133 699 2263 765 magna

1275 772 1501 862 ingeniorum
1528 797 1568 843 ac
1596 774 1811 846 iudiciorum
1842 777 2011 845 varietate
2028 771 2060 870 ¹)
2091 778 2264 868 praediti,

1274 897 1426 967 quorum
1452 873 1555 944 multi
1578 875 1683 945 etiam
1703 877 1833 947 curiosi
1856 891 1893 947 et
1916 878 2057 946 fallaces
2072 891 2165 947 sunt.
2219 875 2261 945 ln

1275 975 1337 1044 tali
1363 987 1463 1045 coetu
1487 976 1605 1068 aliqua
1628 991 1745 1047 tamen
1768 992 1819 1048 est
1833 974 2008 1048 Ecclesia:
2044 974 2128 1048 huic
2146 980 2261 1048 coetui

1275 1075 1499 1145 serviendum
1517 1090 1578 1161 est,
1596 1091 1630 1147 et
1644 1093 1761 1149 tamen
1778 1080 1920 1148 interim
1934 1081 2131 1148 cavendum
2149 1104 2262 1171 quan-

1275 1191 1349 1246 tum
1376 1177 1453 1245 fieri
1478 1191 1611 1267 potest,
1638 1203 1683 1247 ue
1703 1181 1868 1264 curiosis,
1894 1181 2078 1249 malevolis
2101 1194 2136 1250 et
2157 1195 2260 1270 petu-

1277 1279 1431 1348 lantibus
1447 1279 1675 1369 praebeamus
1694 1282 1889 1352 occasiones
1912 1282 2181 1351 subsannandae
2197 1283 2263 1351 do-

1277 1380 1419 1451 ctrinae.
1445 1408 1450 1415 ·
1470 1378 1630 1450 Primum
1646 1382 1755 1471 igitur
1768 1383 1962 1466 videndum
1978 1383 2044 1452 tibi
2061 1407 2202 1466 censeo,
2216 1408 2263 1452 an

1276 1481 1427 1570 collegas
1449 1474 1579 1551 habeas
1600 1483 1856 1555 consentientes
1879 1485 2113 1554 demutando
2138 1485 2208 1552 ritu
2224 1485 2262 1552 in
2296 1546 2301 1558 ,

1276 1580 1392 1652 Coena
1417 1579 1582 1651 Domini:
1624 1583 1664 1654 si
1693 1609 1785 1655 unus
1809 1598 1871 1655 aut
1898 1585 2015 1675 plures
2039 1585 2263 1671 dissentiunt,

1278 1708 1352 1752 non
1368 1706 1490 1752 censeo
1513 1687 1715 1754 tentandam
1733 1696 1807 1755 e'sse
1818 1678 2060 1759 mutationem.
2112 1684 2261 1755 Prorsus

1278 1785 1383 1855 ctiam
1412 1785 1449 1852 in
1475 1787 1705 1854 concionibus
1726 1782 1832 1856 huius
1850 1787 1981 1876 negotii
2008 1787 2143 1857 nullam
2161 1813 2262 1855 men-

1279 1887 1424 1954 tionem.
1444 1885 1482 1952 in
1509 1887 1617 1954 ullam
1649 1902 1780 1977 partem
1808 1879 1882 1956 fieri
1908 1888 2027 1961 velim.
2085 1887 2166 1957 Scio
2188 1913 2261 1957 esse

1279 2009 1421 2075 magnas
1438 1999 1472 2054 et
1496 1987 1703 2058 iustissimas
1723 1982 1890 2082 causas²)
1907 1990 2129 2077 abrogandae
2145 1989 2261 2058 eleva-

1280 2089 1403 2172 tionis,
1432 2091 1491 2157 scd
1523 2112 1695 2159 consensu
1719 2089 1944 2182 Collegarum
1977 2090 2043 2159 tibi
2077 2114 2165 2181 opus
2200 2106 2263 2162 est.

1281 2189 1369 2258 Nam
1391 2189 1452 2256 alii
1474 2190 1561 2259 alias
1582 2215 1701 2260 causas
1717 2193 1854 2272 dicent,
1880 2192 2170 2283 suspicabuntur,
2195 2192 2263 2260 fiu-

1279 2303 1371 2378 gent,
1387 2304 1425 2359 ut
1442 2306 1492 2359 est
1510 2286 1593 2359 haec
1607 2309 1699 2360 aetas
1716 2295 1876 2381 suspicax
1894 2306 1928 2363 et
1940 2294 2264 2363 amanscalumnia-

1279 2413 1369 2463 rum.
1421 2389 1491 2459 Nec
1511 2392 1611 2460 facile
1635 2396 1755 2463 credas
1769 2395 1928 2482 collegis,
1952 2394 2020 2461 nisi
2039 2396 2128 2462 benc
2143 2395 2264 2482 explo-

1279 2507 1352 2561 rata
1369 2516 1491 2562 eornm
1506 2493 1697 2566 voluntate.
1748 2496 1835 2566 Sum
1859 2497 1933 2585 ipse
1945 2495 2072 2562 similia
2090 2508 2269 2584 expertus.-

1279 2592 1388 2662 Multi
1410 2594 1523 2678 enim,
1547 2591 1670 2689 curn³)
1693 2597 1815 2666 vident
1836 2598 1967 2666 iudicia
1991 2596 2084 2683 vnlgi
2109 2619 2181 2661 non
2207 2620 2263 2662 re-

1280 2697 1451 2785 spondere
1467 2695 1510 2765 iis
1525 2697 1682 2765 consiliis
1697 2722 1784 2789 quae
1802 2696 2058 2789 instituunt⁴),
2083 2711 2202 2788 postea
2216 2697 2264 2764 si-

1279 2797 1416 2866 mulant
1437 2820 1472 2865 se
1492 2798 1622 2867 invitos
1639 2800 1683 2868 ad
1699 2822 1738 2868 ea
1751 2799 1890 2888 negotia
1906 2812 2097 2890 pertractos
2113 2821 2204 2879 esse,
2231 2812 2266 2866 et

1280 2899 1360 2966 odia
1377 2897 1416 2965 in
1433 2898 1521 2966 alios
1537 2900 1709 2973 derivant.
1759 2899 1878 2988 Quare
1893 2901 1990 2990 prius
2004 2923 2126 2968 censeo
2144 2899 2265 2988 explo-

1280 3000 1408 3068 randas
1432 3021 1504 3066 esse
1527 3001 1725 3070 voluntates
1748 3002 1972 3091 collegarum.
2024 2998 2157 3069 Causae
2179 3023 2264 3067 vcro

1280 3099 1423 3189 allegari
1444 3099 1484 3166 in
1504 3101 1738 3192 familiaribus
1763 3103 1948 3196 colloquiis
1981 3097 2046 3171 hae
2068 3103 2159 3171 dnae
2182 3124 2264 3191 pos-

1281 3214 1381 3281 sunt,
1406 3224 1487 3269 nam
1512 3201 1551 3268 in
1576 3204 1807 3274 concionibus
1829 3206 1914 3274 nolo
1931 3197 2198 3298 quicquamhac
2222 3205 2266 3269 de

1280 3327 1318 3372 re
1333 3303 1416 3376 dici.
1455 3300 1616 3374 Primum
1631 3329 1711 3374 cum
1728 3302 1900 3376 Monachi
1915 3301 2090 3401 lingant⁸)
2111 3304 2187 3373 fieri
2202 3305 2267 3372 ob-

1281 3404 1447 3473 lationem
1465 3428 1529 3495 pro
1546 3406 1636 3476 vivis
1651 3402 1683 3478 et
1698 3409 1865 3491 mortuis,
1891 3403 1959 3475 hoc
1973 3408 2044 3476 ritu
2061 3404 2267 3474 elevationis

1281 3530 1340 3574 eos
1356 3506 1502 3578 moveri.
1554 3505 1604 3577 Ut
1628 3509 1736 3593 igitur
1759 3509 1905 3575 tollatur
1921 3530 2038 3588 error,
2064 3500 2172 3595 ucc⁶)
2199 3528 2267 3592 pu-

1282 3620 1330 3677 tet
1345 3607 1497 3696 populus
1511 3607 1701 3674 sacerdotis
1716 3606 1948 3675 elevationem
1963 3605 2078 3672 valere
2095 3627 2159 3693 pro
2175 3602 2266 3681 aliis,

1282 3708 1491 3777 mutandum
1506 3727 1579 3772 esse
1593 3728 1727 3773 morem
1744 3705 1849 3779 dices.
1889 3703 2052 3775 Secundo
2073 3705 2266 3774 elevatione

1282 3807 1483 3877 confirmari
1511 3806 1873 3894 circumgestationem
1892 3802 1948 3901 ⁷),
1984 3830 2073 3897 quae
2094 3805 2170 3874 sine
2193 3807 2268 3874 ulla

1282 3906 1505 3978 dubitatione
1526 3919 1579 3975 est
1598 3908 1826 3982 idolomania.
1884 3905 1976 3983 Nam
1996 3904 2091 3976 Deus
2113 3931 2188 3975 nou
2216 3921 2269 3974 est

1283 4010 1327 4079 ad
1349 4008 1458 4076 ullam
1481 4031 1556 4076 rem
1580 4009 1798 4100 alligandus,
1831 4011 1895 4080 ubi
1918 4033 1954 4080 se
1976 4031 2039 4078 suo
2062 4008 2169 4077 verbo
2193 4032 2267 4075 non

1283 4108 1422 4198 alligat,
1457 4122 1497 4178 ut
1527 4125 1673 4181 nonest
1696 4112 1897 4202 alligandus
1920 4113 1964 4181 ad
1987 4122 2129 4183 statuas.
2187 4107 2269 4176 Non

1283 4223 1400 4279 autem
1431 4211 1552 4300 alligat
1581 4209 1662 4304 π’)
1692 4209 1855 4285 Christus
1879 4215 1924 4283 ad
1952 4235 2097 4303 panem,
2130 4211 2189 4278 sed
2225 4213 2269 4276 ad

1284 4311 1459 4381 actionem
1485 4312 1523 4381 in
1549 4337 1614 4383 usu
1632 4313 1861 4387 sacramenti.
1911 4313 1984 4382 Nec
2008 4313 2105 4380 adest
2126 4325 2269 4402 propter

1284 4436 1433 4505 panem,
1459 4416 1518 4483 sed
1537 4430 1682 4508 propter
1695 4429 1903 4485 sumentem.
1952 4409 1988 4481 O
2004 4409 2198 4483 horrendas
2216 4425 2268 4478 te-

1320 4724 1351 4793 l)
1368 4721 1458 4777 ltlanl.
1471 4723 1675 4790 persuasione,
1695 4725 1837 4779 mendose.

1319 4803 1347 4870 2)
1364 4803 1453 4859 Manl.
1470 4807 1653 4870 gravissimos
1663 4809 1798 4862 rationes.

1318 4885 1347 4953 8)
1367 4885 1451 4941 Peuc-
1469 4886 1540 4941 Sum
1553 4888 1611 4956 ι’ρει
1623 4902 1758 4958 expertus
1771 4894 1878 4945 multos
1891 4910 1953 4946 eom
1969 4892 2024 4944 vrit.
2040 4897 2093 4943 etc.

1318 4970 1348 5032 4)
1367 4969 1454 5027 Manl.
1467 4976 1663 5029 destituuntur.

1320 5055 1351 5121 5)
1368 5052 1455 5111 Maur.
1465 5060 1590 5128 fingunt.

1318 5140 1348 5204 6)
1366 5139 1452 5196 Manl.
1470 5163 1514 5201 ne.

1319 5221 1451 5288 itManl.
1472 5231 1657 5298 confirmator
1677 5231 1909 5297 circumgestatr'o.

1321 5309 1349 5377 8)
1369 5311 1452 5365 Mani.
1469 5315 1616 5380 alltkatur.
