4748 6022
1819 17 2352 49 νή

176 104 254 187 tta
513 132 522 144 ’
755 96 1190 191 ΕΡῙὸΤΟῙιΑΒΰΜ
1238 108 1349 193 LlB.
1372 110 1438 194 Xl.
1490 111 1624 199 1548.
2141 130 2218 212 950

221 265 368 348 Mic-a
391 263 452 347 M
454 264 706 365 sisaburgi
712 291 752 351 o,
787 265 934 340 consuli
955 261 1128 342 Nortia·
1224 272 1292 350 hac
1321 295 1425 352 nocte
1449 274 1621 356 honestus
1650 299 1684 359 ct
1706 290 1831 365 doctus
1850 285 2046 367 Iohannes
2063 290 2219 370 Ruben-

620 394 728 458 sano,
1224 387 1330 468 trost,
1346 381 1522 478 cygneus,
1544 388 1589 457 ad
1603 389 1723 478 funus,
1746 397 1843 488 quod
1859 397 1917 469 liet
1931 392 2018 469 hora
2037 401 2106 488 ta,
2131 426 2219 472 con-

177 501 225 597 s·
241 518 287 596 Ι)ο
319 517 549 612 pntegmime
562 516 630 604 vir,
654 530 689 588 et
702 516 815 588 amice
830 509 1045 588 chatpssgme·
1081 513 1173 588 Cum
1224 483 1346 554 venire
1362 481 1589 558 scholasticos
1605 490 1706 580 pium
1725 509 1796 584 est,
1821 510 1856 569 et
1871 512 1912 570 ut
1928 502 2143 575 conveniant
2159 527 2219 575 eos

177 615 258 692 heri
277 622 484 715 accepissem
508 620 690 714 epistolam
705 629 876 703 vestram,
901 642 1008 710 quam
1024 618 1064 687 in
1080 615 1175 689 Sali-
1223 579 1420 662 mmmm·
1471 588 1532 662 24·
1547 587 1632 661 lulli
1648 585 1697 689 ')·

177 723 236 794 nis
271 724 477 816 scripsistis,
512 717 617 792 hodie
643 721 688 790 ad
713 742 777 789 vos
803 718 975 789 nuncium
1001 719 1174 791 missurus

179 846 294 911 eram,
315 829 377 896 sed
392 848 496 894 mane
513 820 717 893 tabellarius
734 832 849 889 vester
863 820 971 893 venit.
1010 819 1174 892 Primum

178 940 296 997 autem
310 952 374 998 oro
390 925 526 1007 Deum,
547 936 589 993 ut
606 917 693 992 haec
708 921 854 991 consilia
873 922 1056 1012 gubernet.
1107 922 1174 994 Se-
1237 941 1304 1016 No·
1321 941 1435 1022 4270·
2060 969 2105 1037 24
2135 945 2202 1032 Iun*

178 1029 296 1098 cundo
320 1050 381 1096 vos
396 1020 584 1108 adhortor,
610 1036 652 1093 ut
667 1022 743 1094 sitis
759 1023 879 1092 animo
894 1024 1111 1117 tranquillo,
1138 1038 1173 1095 et
1229 1037 1442 1080 »ew
2050 1016 2216 1090 »ob-‘-

177 1125 429 1198 commendetis
442 1121 519 1194 Deo
545 1124 658 1195 exitus
678 1119 807 1193 horum
832 1125 1091 1216 periculorum,
1117 1126 1173 1194 vi·
1227 1158 1236 1178 ·
1575 1129 1627 1219 G,
1655 1133 1869 1225 Fabricio·

178 1229 305 1300 debitis
319 1227 421 1297 brevi
435 1246 583 1315 magnos
597 1239 715 1297 motus
729 1225 768 1294 in
783 1226 891 1296 altera
906 1239 1005 1317 parte
1020 1224 1172 1296 Germa-
1324 1283 1348 1339 E
1366 1283 1409 1341 M
1427 1284 1466 1342 t‘b
1490 1273 1517 1338 v
1584 1287 1637 1344 899

175 1330 255 1398 niae
275 1328 364 1399 lore.
421 1326 546 1397 Tertio
568 1329 720 1412 suadeo,
747 1350 793 1395 ne
815 1349 877 1397 vos
899 1327 1171 1419 proficiscamini
1348 1303 1365 1357 Ρ
1439 1308 1477 1342 ¹‘
1517 1305 1572 1361 ‘P'
1648 1307 1690 1362 sq.

174 1425 391 1520 Augustam:
424 1430 486 1498 sed
511 1427 700 1499 mittantur
720 1428 800 1511 alii,
828 1429 925 1498 iuxta
947 1428 1091 1499 tertium
1113 1430 1170 1499 vel
1221 1431 1426 1536 Georgio
1465 1438 1721 1534 Fabrffio,
1771 1449 2000 1544 gupa-„amp
2036 1451 2217 1533 scholam

173 1544 340 1623 quartum
362 1530 508 1598 modum
526 1520 583 1622 *),
621 1543 661 1599 ut
684 1528 809 1621 scripsi
832 1529 870 1598 in
895 1530 1051 1620 paginis,
1083 1553 1170 1623 quas
1596 1544 1838 1628 Mismmem·

173 1630 297 1700 addidi
316 1625 401 1700 huic
416 1629 596 1722 epistolae.
648 1629 793 1700 'l'ertins
808 1633 956 1709 modus,
987 1631 1032 1698 de
1048 1653 1119 1722 quo
1135 1642 1171 1700 et

172 1729 233 1803 hic
245 1731 412 1801 collocuti
426 1754 556 1815 sumus,
576 1724 670 1801 nihil
684 1724 790 1800 habet
802 1730 961 1822 periculi.
993 1726 1043 1799 Et
1054 1754 1170 1823 quan-

173 1856 279 1928 quam
301 1829 501 1923 Imperator
523 1830 679 1922 postulat
703 1830 833 1901 certius
855 1854 1081 1923 responsum;
1115 1844 1170 1902 ta·

171 1955 256 2003 men
285 1934 459 2014 arbitror,
492 1957 574 2003 cum
602 1945 809 2005 contentum
832 1933 908 2002 fore
931 1927 998 2002 hac
1020 1955 1167 2024 respon·

170 2035 282 2109 sione.
347 2033 484 2105 Vellem
513 2046 630 2104 autem
659 2033 780 2122 urgeri
814 2028 883 2103 hoc
911 2047 1168 2123 argumentum,

171 2137 269 2232 qnod
293 2159 367 2205 non
388 2135 435 2207 sit
454 2135 614 2205 facienda
635 2133 785 2205 mutatio
808 2134 848 2203 in
867 2148 981 2204 vestra
996 2130 1168 2222 Ecclesia,

171 2239 284 2308 donec
298 2237 361 2307 alii
377 2238 416 2306 in
430 2232 487 2307 his
502 2233 727 2326 Regionibus
743 2236 881 2306 nullam
899 2234 1035 2307 faciunt
1048 2250 1168 2308 muta·

169 2339 316 2413 tionem.
360 2336 458 2409 Haec
472 2336 596 2429 scripsi
613 2336 791 2427 copiosius
807 2337 847 2405 in
861 2337 998 2427 paginis
1012 2337 1169 2429 signatis,

171 2464 260 2537 quas
276 2439 411 2516 addidi.
462 2435 561 2509 Bene
577 2437 702 2513 valete.
753 2433 822 2508 Die
839 2438 900 2514 22.
919 2435 1024 2513 lunii.

199 2564 203 2577 '
912 2548 1114 2648 Philippus.

1226 800 2211 838 Μ,

1218 1676 1331 1760 Nihil
1345 1690 1452 1782 lingo.
1482 1689 1584 1764 Adeo
1598 1710 1720 1768 amant
1736 1698 1919 1789 ingenium
1935 1717 2054 1793 tuum,
2081 1722 2115 1779 et
2135 1735 2217 1784 ora·

1219 1791 1329 1861 tionis
1344 1794 1549 1880 sanitatem,
1576 1797 1683 1866 etiam
1696 1800 1776 1880 alii,
1803 1803 1865 1894 qui
1881 1805 2038 1877 iudicare
2056 1826 2215 1901 possunt,

1218 1904 1276 1979 ut,
1315 1916 1396 1963 cum
1428 1896 1581 1986 legerem
1607 1901 1703 1991 apud
1730 1901 1863 1973 amicos
1887 1917 1986 1976 tuam
2020 1911 2215 2002 epistolam,

1218 2006 1396 2064 certamen
1417 1997 1461 2067 de
1484 2020 1524 2067 ea
1547 2012 1636 2070 esset
1658 2001 1754 2073 inter
1766 1997 1999 2077 Marcellum
2015 2024 2050 2082 et
2068 2009 2111 2084 V
2107 2012 2215 2100 itum,

1217 2117 1299 2164 cum
1325 2108 1473 2192 uterque
1501 2121 1578 2168 eam
1604 2101 1673 2172 sibi
1698 2104 1827 2174 donari
1855 2122 2005 2202 peteret,
2041 2126 2214 2207 tanquam

1215 2188 1417 2290 κειμήλιον.
1467 2196 1565 2271 Scito
1586 2216 1721 2290 autem,
1754 2207 1992 2295 gratissimum
2015 2211 2105 2284 mihi
2128 2238 2214 2302 esse,

1216 2299 1313 2389 quod
1336 2312 1370 2370 et
1393 2321 1495 2391 saepe
1515 2303 1642 2372 scribis
1663 2307 1708 2374 ad
1729 2329 1814 2393 nos,
1839 2322 1875 2380 et
1895 2305 1987 2382 hanc
2003 2316 2107 2385 nobis
2124 2318 2213 2386 assi-

1215 2397 1388 2470 duitatem
1401 2400 1568 2493 deinceps
1581 2405 1777 2494 promittis,
1802 2433 1872 2503 qua
1888 2413 2024 2483 utinam
2039 2415 2112 2486 frui
2128 2441 2214 2509 pos-

1214 2496 1337 2574 simus.
1394 2497 1563 2579 Amicitia
1593 2518 1687 2575 certe
1719 2521 1861 2581 aeterna
1887 2512 1972 2599 erit,
2006 2516 2212 2612 ubicunque
2275 2526 2279 2534 '

1215 2597 1357 2669 crimus.
1410 2598 1481 2672 Sed
1497 2597 1583 2673 haec
1597 2605 1698 2675 brevi
1714 2630 1847 2685 coram.

1315 2715 1400 2788 Non
1428 2719 1650 2812 displicuisse
1673 2722 1743 2795 tibi
1764 2722 1886 2799 Eberi
1902 2729 2099 2807 Historiam
2123 2761 2227 2830 gau-⁴

167 2887 237 2962 No·
252 2881 367 2961 4269·
912 2948 915 2954 .
1026 2885 1163 2959 mm
1214 2817 1293 2935 deo.
1342 2815 1454 2889 Volui
1478 2821 1584 2891 initio
1607 2835 1746 2943 tantum
1769 2827 1893 2902 breves
1904 2836 2143 2956 tabellasedi,
2162 2855 2212 2960 lu

176 2980 349 3017 om
1023 2981 1153 3008 Μ
1212 2940 1252 2985 m
1274 2931 1464 3008 conspectu
1478 2917 1617 3012 Regum
1635 2946 1742 2996 serres
1761 2943 1868 3018 esset,
1893 2958 1999 3027 quam
2016 2960 2105 3008 scire
2119 2943 2210 3012 utile

363 3061 567 3177 crucier
581 3060 643 3147 ad
658 3057 968 3154 sannen..
1211 3029 1455 3213 aalma.
1469 3021 1793 3200 hildilid}
1818 3037 2211 3237 thiatbat}

235 3225 343 3301 Scripta
357 3225 434 3299 publ.
448 3222 550 3281 Acade.
562 3220 643 3279 Wit.
660 3222 696 3280 Τ.
707 3220 730 3279 1.
748 3240 775 3297 p.
789 3221 877 3280 stab.
1210 3216 1260 3291 Et
1283 3220 1441 3314 fortassis
1466 3222 1666 3298 invitantur
1690 3229 1822 3303 talibus
1842 3233 2027 3310 laboribus
2047 3240 2207 3317 iuniores

165 3373 301 3455 Reclor
330 3370 551 3449 Academiae
587 3368 735 3452 With.
770 3342 1015 3472 Casparus
1043 3364 1161 3450 Cru—
1210 3322 1256 3390 ad
1279 3321 1437 3443 integrae.
1458 3318 1629 3398 hi⁸¹⁰ri³⁰
1651 3341 1687 3450 ‘i
1699 3330 1851 3405 mamm
1865 3360 1987 3410 “mm
2001 3340 2207 3435 i⁰q¹¹l⁵ffi⁰·

548 3500 566 3549 θ
575 3474 694 3572 ign,
719 3471 774 3550 D·
1209 3445 1305 3499 nem.
1355 3422 1460 3496 Taha
1483 3427 1597 3501 multa
1620 3430 1679 3501 eds
1702 3455 1787 3506 curo
1810 3436 2016 3515 invitandae
2037 3458 2071 3516 ct
2086 3467 2207 3519 exsus-

1209 3523 1371 3596 citandac
1386 3526 1642 3601 adolescentiae
1657 3554 1772 3605 causa.

163 3612 296 3702 lnhoc
311 3627 418 3712 festo,
442 3628 567 3723 inquo
581 3622 739 3699 Ecclesia
756 3627 880 3699 recitat
897 3621 1081 3699 historiam
1098 3624 1159 3699 Io·
1308 3634 1457 3712 Libells'
1483 3636 1641 3780 Phpss'cr'
1670 3649 1806 3739 priores
1837 3653 1943 3725 etiam
1968 3671 2049 3749 post
2073 3684 2204 3752 paucos

165 3726 503 3849 hannisssaptistae,
533 3741 669 3800 mentes
689 3727 851 3847 omnium
865 3730 1004 3821 piorum
1018 3728 1157 3850 assidua
1208 3741 1284 3812 dies
1304 3737 1539 3835 prodibunt*
1561 3748 1590 3841 ).
1649 3745 1748 3819 Bene
1772 3751 1861 3829 vale.
1920 3754 1990 3827 Die
2012 3757 2202 3854 Baptistae,

167 3842 380 3922 cogitatione
401 3841 558 3900 intentae
583 3851 656 3899 esse
675 3829 809 3901 debent
831 3853 871 3900 m
888 3830 1157 3923 patefactsonem
1208 3843 1308 3913 cerins
1329 3846 1576 3916 recordatione
1594 3847 1803 3939 confirmor,
1831 3868 1871 3926 ut
1887 3856 2025 3931 demea
2043 3865 2115 3933 vita
2131 3866 2202 3934 mi·
2247 3880 2253 3887 '

163 3932 367 4003 mirandam
385 3928 474 4014 Dei,
506 3927 545 3999 in
568 3953 637 4023 qua
659 3942 821 4000 aeternus
840 3944 959 4022 pater,
984 3932 1099 4013 lilius,
1124 3946 1159 4003 et
1207 3967 1274 4012 nus
1298 3943 1471 4015 sollicitus
1486 3945 1571 4030 sim,
1597 3958 1633 4018 et
1646 3969 1802 4041 sperem,
1826 3949 1905 4027 Deo
1922 3983 2028 4033 curae
2042 3963 2117 4035 sore
2131 3961 2202 4038 Ec·

164 4031 320 4127 Spiritus
339 4044 482 4102 sanctus
502 4030 633 4101 illustri
656 4029 860 4100 discrimine
881 4033 1058 4122 conspecti
1074 4045 1158 4103 sunt
1206 4042 1331 4114 etesiae
1346 4066 1429 4115 suae
1445 4045 1574 4122 studia,

164 4157 239 4205 non
261 4134 376 4203 solum
400 4157 422 4203 a
443 4126 624 4216 Iohanne,
664 4133 726 4223 sed
748 4131 853 4200 etiam
879 4155 900 4201 a
918 4129 1036 4201 Maria
1056 4144 1091 4202 et
1111 4133 1157 4201 ab

163 4234 387 4306 auditoribus
404 4227 592 4316 Iohannis,
622 4245 658 4303 et
677 4231 808 4321 gratiae
828 4232 980 4322 agendae
996 4245 1097 4317 sunt,
1123 4246 1157 4303 et
1220 4264 2204 4305 ·---·--------......,..,

164 4335 386 4406 accendenda
406 4345 459 4402 est
479 4332 565 4401 fides
584 4344 619 4402 et
640 4329 829 4403 invocatio.
888 4330 981 4404 Sunt
1005 4346 1040 4404 et
1061 4334 1157 4423 cogi-

164 4439 272 4508 tanda
296 4433 478 4505 doctrinae
492 4427 665 4502 Iohannis
686 4434 799 4525 capita
818 4434 958 4518 omnia,
982 4449 1015 4506 et
1033 4433 1157 4520 exitus,
1204 4402 1400 4537 Q·
2053 4437 2113 4500 at.
2129 4428 2196 4500 lun.

164 4550 206 4609 ut
226 4535 440 4608 testimoniis
459 4548 493 4605 et
516 4533 620 4603 dictis
635 4527 805 4604 lobannis
819 4557 886 4603 nos
897 4534 1157 4623 confirmemus,
2034 4523 2197 4551 ’Ν

164 4651 199 4710 ct
213 4636 372 4737 exemplo
389 4657 455 4705 nos
473 4635 519 4706 ad
534 4634 791 4706 confessionem
807 4635 1049 4710 exuscitemus.
1082 4634 1156 4708 Nec
1351 4616 1581 4702 Testimon.
1600 4619 1869 4736 Engellsarto
1885 4623 2053 4719 datum.

163 4762 222 4812 eas
239 4737 468 4829 cogitationes
489 4735 641 4854 impedit
649 4735 784 4854 funeris
799 4736 1013 4822 ceremonia3
1039 4738 1101 4807 sed
1117 4736 1156 4806 in
1247 4788 1249 4795 .
1273 4776 1297 4850 ,ί
1314 4776 1353 4832 Ε,
1370 4779 1525 4853 apographo
1545 4782 1573 4836 in
1587 4783 1649 4840 cod.
1661 4782 1773 4842 Monac
1785 4788 1831 4845 a
1847 4804 1895 4844 no.
1906 4786 1954 4847 w·
1971 4807 2000 4864 p·
2012 4789 2081 4849 m·
2094 4801 2122 4849 et
2133 4795 2195 4853 md.

162 4835 230 4910 hac
251 4840 326 4930 ipsa
348 4839 393 4909 de
408 4859 521 4910 causis
536 4848 660 4907 mortis
676 4849 711 4908 ct
726 4837 970 4910 mstanratoris
986 4837 1155 4911 beneficio
1307 4846 1420 4906 Monac.
1436 4847 1479 4903 90.
1497 4868 1543 4906 no.
1559 4848 1620 4907 vlt.
1639 4871 1667 4924 p.
1680 4850 1742 4908 sta.
2066 4888 2070 4897 .

162 4937 415 5035 ἐντενὲστερον
446 4937 648 5029 cogitemus.
706 4935 799 5010 Cum
817 4953 944 5023 ‚autem
968 4938 1155 5011 decesserit

161 5120 391 5145 ..........-
1236 5086 1265 5151 ‘l
1283 5082 1351 5140 lulai'
1363 5082 1486 5159 sphalma
1499 5096 1608 5163 typogr.
1623 5109 1675 5161 pro
1687 5089 1779 5163 tuns,
1794 5100 1828 5151 ttt
1837 5104 2030 5167 argumentum
2044 5096 2137 5158 docet.

191 5246 293 5317 'tia
306 5241 471 5303 tertiumsi
484 5239 753 5315 qnestunisdicium
766 5239 800 5298 de
812 5238 883 5297 libro
896 5240 1027 5300 Intercisa.
1235 5168 1570 5300 ”ibibtet'elihblhfkm
1591 5176 1656 5235 M‘i
1676 5179 1779 5251 Μὴ
1798 5198 1836 5239 “’
1856 5180 1921 5238 ⁰⁰¹·
1940 5182 2020 5244 Μ·
2067 5188 2129 5245 vll·
2149 5210 2191 5265 tt·

1379 5309 1474 5385 60⁸
