4748 6022
183 311 258 385 ass
525 299 530 305 ·
761 301 1428 382 sr1sr0tanuur1a.it
1484 306 1617 382 tots.
1966 284 1973 294 “
2148 314 2228 388 cst

187 505 276 550 care.
326 477 505 549 Praeticae
527 479 885 570 multorumsparsae
907 502 972 570 pcr
988 502 1064 548 sese
1081 500 1185 549 ruere
1230 477 1311 548 duis
1331 477 1521 568 gemitibus
1540 494 1575 550 et
1592 479 1684 551 votis
1700 504 1783 565 oro,
1808 494 1849 550 ut
1862 481 2023 554 restituat
2036 481 2228 555 salutarem

189 583 320 663 solent,
350 603 440 673 quae
467 579 648 650 interdum
670 582 900 672 repugnando
923 581 1035 670 magis
1060 602 1186 650 accen·
1231 603 1350 673 pacem
1366 574 1422 649 his
1439 581 1613 670 gentibus.
1637 580 1734 651 Bene
1749 582 1838 655 vale.
1868 580 1935 650 Die
1952 580 1987 657 4.
2001 581 2177 658 Novemb.

189 685 336 753 duntur.
388 679 487 749 Bene
505 693 539 751 et
553 681 704 751 feliciter
721 683 809 755 vale.
860 679 1019 752 Salutem
1036 692 1121 774 opto
1139 678 1185 754 D.
1686 679 1875 775 Philippus
1900 681 2125 763 Melanthon.

190 775 325 868 Rivio,
351 782 465 852 amico
481 795 614 859 nostro.
639 782 674 856 δ.
689 780 880 853 Novembr.
1010 796 1013 807 “

1015 878 1056 954 Ρ.
1081 879 1136 954 Μ.

1244 1016 1311 1091 Νο.
1334 1014 1447 1091 8697.
2067 1035 2103 1095 6.
2119 1025 2201 1092 Nos.

1237 1114 1450 1152 Μ
2045 1117 2222 1148 Μ

1545 1183 1611 1270 Io.
1642 1183 1903 1270 Mattbesio.

192 1279 257 1352 No.
273 1275 385 1352 5596.

198 1375 369 1404 m
1005 1280 1178 1403 Q
1300 1337 1583 1465 epm.ttb.11.p.ss
1604 1340 2073 1411 (edit.Lond.tit›.lt.ep.20.).-
2100 1344 2226 1418 apogr·-

1334 1408 1408 1479 pbon
1421 1409 1450 1465 in
1464 1429 1497 1466 co
1518 1448 1526 1466 .
1540 1410 1653 1466 Monac.
1665 1409 1711 1466 tt.
1730 1409 1783 1468 No.
1799 1408 1832 1473 V,
1852 1429 1879 1482 p.
1892 1410 1978 1467 tub.

537 1482 594 1568 Η.
627 1478 832 1569 Wellero.

261 1651 298 1705 Er
313 1649 480 1723 autographo
495 1648 611 1720 Philippi
626 1649 653 1703 in
668 1647 731 1729 qod.
744 1646 828 1704 Goth.
844 1645 893 1700 lol.
908 1643 1037 1711 Nosse,
1049 1660 1124 1696 nunc
1137 1644 1184 1696 de·
1445 1699 1454 1716 ·
1473 1564 1528 1671 Ιρ
1536 1562 1627 1717 hafn
1638 1594 1686 1638 m
1717 1564 1798 1639 Ma
1809 1561 1932 1719 alfe?
1942 1595 1984 1641 ιο

294 1724 405 1786 scripta,
422 1719 491 1773 edita
504 1719 568 1788 iam,
586 1718 633 1771 aad
648 1734 739 1771 mrous
752 1723 886 1788 accurate,
899 1722 927 1774 m
940 1717 987 1774 tm
1001 1711 1186 1784 unimanus
1230 1679 1275 1768 S.
1300 1696 1345 1770 D.
1396 1698 1473 1769 Scrs
1496 1699 1671 1770 rnfinrtam
1689 1724 1762 1770 csse
1778 1696 2024 1789 sophisttcam,
2049 1716 2083 1774 et
2098 1728 2225 1798 quam-

295 1790 373 1843 ¹⁷⁰³·
391 1807 419 1859 Ρ·
434 1787 494 1843 ⁸⁰9·
1231 1801 1318 1870 libet
1334 1799 1504 1870 absurdas
1518 1824 1637 1871 causas
1650 1801 1886 1970 plausibilitep
1901 1804 2022 1873 ornari
2036 1828 2147 1896 posse,
2162 1811 2226 1878 sed

456 1960 463 1978 ,
653 1957 692 1976 ,.
851 1955 859 1974 .
1169 1954 1177 1973 .
1231 1925 1433 1972 eoverum
1447 1924 1520 1970 esse
1533 1925 1607 1972 non
1622 1900 1747 1973 dubito
1775 1927 1854 1972 cum
1883 1928 1934 1973 tae
1947 1929 1984 1974 re
2009 1907 2106 1974 iones
2121 1910 2201 1978 null

191 1957 523 2136 ἓὶῒῖξὲἶᾱᾝῖἱοῖ
535 1955 1188 2158 ⁰⁶:1¹?ae‘gmffiylnluz‘rpgaffiair‘ll
1232 1924 1362 2071 idinria
1377 2003 1513 2071 vicinos
1528 2003 1719 2089 affecerint,
1745 1958 1875 2075 iniuste
1891 1929 2006 2076 nobisg
2010 2007 2143 2077 bellum
2162 1934 2225 2079 inssa

344 2159 408 2236 Th
526 2163 532 2180 .
690 2161 699 2180 .
905 2158 913 2176 .
960 2158 968 2178 .
1230 2105 1333 2188 ferri,
1360 2114 1394 2172 et
1413 2104 1619 2194 sanguinem
1638 2120 1798 2174 nostrum
1814 2107 1939 2197 expeti.
1989 2105 2111 2200 Teque
2127 2125 2222 2180 recte

410 2161 592 2260 eulogiae,
617 2185 737 2234 amico
750 2185 818 2232 suo
831 2182 1037 2245 curassem,

1231 2203 1451 2296 respondisse
1470 2201 1496 2300 Ι)
1516 2228 1653 2274 censeo.
1692 2204 1764 2275 Nec
1779 2205 1860 2276 licet
1874 2230 1971 2276 nunc
1984 2206 2220 2297 παλινωὸεῖν,

189 2297 238 2387 S·
263 2311 309 2386 D.
366 2309 576 2383 Reverendc
600 2313 635 2380 d.
659 2313 784 2379 doctor
805 2322 840 2378 et
861 2308 972 2377 amice
997 2307 1185 2379 carissime.
1230 2308 1345 2376 sedin
1363 2308 1455 2376 veris
1467 2306 1650 2375 sententiis
1667 2309 1796 2375 tuenda
1812 2319 1862 2376 est
1878 2311 2085 2383 constantia.
2118 2309 2222 2384 Nunc

192 2414 341 2484 Gaudeo
370 2434 485 2481 meam
514 2411 581 2481 tibi
611 2413 830 2481 voluntatem
855 2411 898 2478 de
922 2422 1070 2498 cognato
1095 2408 1184 2477 reci·
1228 2407 1340 2505 magis
1362 2420 1458 2476 tuam
1473 2403 1504 2501 ²)
1528 2407 1737 2481 sententiam
1761 2409 1926 2498 probabis
1940 2405 1988 2498 ³),
2019 2434 2099 2480 cum
2122 2414 2222 2483 vides

190 2514 323 2608 piendo
337 2525 472 2601 gratam
489 2533 572 2597 esse,
598 2534 636 2580 ac
650 2535 732 2581 vere
747 2511 933 2580 adfirmare
946 2532 1101 2601 possum,
1128 2532 1184 2578 me
1229 2521 1395 2598 cognatos
1418 2509 1511 2579 inter
1535 2531 1571 2578 se
1598 2508 1822 2578 mirabilibus
1847 2509 2002 2580 artificiis
2026 2514 2198 2584 committi
2211 2540 2221 2598 ;

191 2637 328 2705 semper
341 2611 509 2684 Ecclesiis
531 2613 653 2683 vestris
676 2626 712 2683 et
728 2612 863 2703 reipub.
880 2605 1008 2681 harum
1024 2609 1183 2700 gentium
1229 2607 1331 2697 Quae
1361 2624 1474 2699 potest
1505 2632 1579 2678 esse
1608 2609 1699 2678 iusta
1723 2632 1843 2694 causa,
1875 2611 1914 2678 in
1934 2625 2098 2699 cognatos
2119 2638 2220 2686 arma

190 2742 232 2789 ex
254 2715 375 2784 animo
398 2715 490 2784 bene
506 2714 671 2783 voluisse.
721 2709 769 2782 Et
786 2725 942 2796 constat,
969 2735 1026 2780 me
1044 2712 1184 2780 medio·
1228 2710 1414 2802 capiendi?
1463 2705 1512 2783 Et
1534 2733 1600 2779 nos
1621 2709 1764 2802 quidem
1785 2712 1936 2796 scimus,
1960 2735 2026 2782 nos
2043 2717 2220 2807 verapie-

189 2817 308 2889 eribus
329 2815 453 2886 officiis
470 2829 504 2885 et
517 2810 692 2885 Ecclesias
708 2827 840 2883 vestras
856 2826 890 2883 et
904 2808 1041 2881 scholas
1055 2835 1183 2881 ornare
1228 2823 1298 2881 tate
1313 2833 1445 2880 amasse
1460 2823 1494 2880 ct
1508 2808 1657 2881 coluisse
1672 2810 1820 2896 vicinos,
1841 2827 1875 2885 et
1888 2813 2126 2885 mediocribus
2141 2818 2220 2886 offi-

189 2918 374 2991 studnisse.
423 2913 508 2985 Diri
531 2917 636 2985 etiam
657 2915 848 2986 sententias
869 2937 970 3004 saepe
985 2916 1183 2984 moderatas
1227 2911 1291 2982 ciis
1318 2934 1472 2982 ornasse.
1529 2910 1722 3003 Nunquam
1751 2913 1859 3003 igitur
1888 2916 2047 3006 probabo
2079 2920 2221 2988 caedem

189 3034 222 3092 et
236 3019 341 3090 utiles
356 3017 458 3109 paci.
485 3015 590 3087 Nunc
605 3017 714 3102 vides,
739 3017 834 3110 qnod
851 3015 1067 3099 incendium,
1092 3038 1183 3106 quo·
1227 3025 1430 3083 nostrorum
1445 3012 1588 3095 civium,
1604 3037 1669 3082 nec
1683 3011 1903 3108 συμμαχίαν
1915 3040 2049 3103 eorum,
2066 3019 2128 3110 qui
2143 3042 2220 3089 cae-

188 3146 269 3192 rum
302 3118 458 3189 artificiis
484 3118 671 3189 excitatum
705 3117 770 3202 sit,
807 3118 904 3209 quod
938 3128 979 3186 ut
1002 3115 1099 3185 Deus
1125 3138 1182 3182 re-
1227 3114 1308 3183 dem
1331 3114 1511 3189 adiuvant.
1560 3113 1703 3186 stistte
1726 3140 1800 3185 non
1823 3117 1918 3186 esin
1942 3132 2037 3204 tuto,
2062 3122 2219 3210 regulam

189 3223 345 3310 stinguat
376 3242 529 3292 oremus.
585 3216 790 3289 Monendus
823 3231 939 3287 autern
966 3227 1001 3285 st
1026 3218 1182 3285 orandus
1225 3212 1477 3304 Evangelicam
1499 3216 1610 3286 nosti:
1641 3210 1690 3286 Si
1706 3215 1868 3287 eiecerint
1892 3243 1954 3289 vos
1976 3241 2023 3289 ex
2040 3244 2113 3291 uno
2130 3217 2220 3307 loco,

189 3323 294 3392 etiam
309 3314 409 3387 Dux
430 3333 520 3404 erat,
552 3331 595 3389 ut
617 3331 763 3406 cognato
778 3317 961 3406 sangnini,
992 3328 1033 3386 ut
1047 3317 1181 3406 patriae
1227 3315 1274 3384 ite
1297 3313 1338 3385 in
1362 3312 1496 3390 alium.
1546 3316 1617 3390 Sed
1639 3332 1758 3389 tamen
1779 3342 1820 3388 ex
1843 3320 2115 3392 circumstantiis
2141 3324 2220 3395 istic

188 3436 230 3493 ut
247 3417 430 3502 Ecclesiis,
463 3433 504 3489 ut
524 3413 762 3508 pulcherrimo
784 3419 892 3488 statui
915 3412 1041 3487 harum
1065 3417 1181 3506 regio·
1226 3418 1383 3489 iudicare
1395 3416 1537 3509 poteris,
1562 3442 1608 3488 an
1621 3419 1813 3487 necessaria
1829 3419 1876 3487 sit
1892 3419 2064 3507 migratio.
2119 3421 2222 3496 Tuae

188 3547 275 3594 num
299 3531 466 3612 parceret.
526 3512 708 3610 Nusquam
730 3518 770 3585 in
791 3530 865 3586 toto
887 3518 974 3586 orbe
996 3528 1181 3600 terrarum,
1225 3519 1318 3589 vitae
1334 3520 1517 3589 consulere
1533 3518 1623 3588 iuste
1640 3518 1790 3606 poteris,
1811 3540 1875 3585 nec
1892 3529 1926 3586 te
1942 3519 2071 3587 retinet
2084 3542 2222 3609 provo-

189 3624 220 3694 si
235 3646 315 3692 vere
331 3621 495 3690 volumus
511 3619 686 3698 iudicare,
717 3613 901 3709 pulchrior
917 3630 1027 3687 status
1042 3613 1098 3686 his
1115 3642 1180 3687 an·
1225 3620 1327 3706 catio,
1346 3622 1391 3688 ad
1405 3640 1511 3708 quam
1525 3617 1573 3686 ita
1590 3641 1627 3686 re
1641 3616 1777 3701 offeras,
1798 3615 1829 3684 si
1841 3617 1945 3686 detur
1960 3618 2045 3686 fides
2061 3621 2221 3709 publica,

188 3725 246 3794 nis
261 3721 345 3804 suit,
371 3743 475 3814 quarn
492 3719 531 3787 in
547 3714 603 3787 his
619 3719 834 3809 regionibus,
861 3718 923 3788 nbi
940 3718 1045 3788 simul
1057 3714 1180 3789 Ecclc-
1224 3721 1319 3791 Deus
1342 3718 1478 3806 mitiget
1502 3717 1566 3786 tibi
1587 3731 1623 3787 et
1647 3717 1749 3788 nobis
1771 3736 1978 3803 aerumnas,
2004 3733 2038 3788 et
2053 3722 2221 3799 restituat

188 3826 260 3896 siae
282 3834 373 3893 recte
394 3821 573 3891 institutae
588 3834 689 3905 sunt,
714 3834 748 3892 et
763 3820 891 3890 dorent
909 3820 1089 3890 doctrinae
1105 3833 1179 3889 stu·
1225 3822 1318 3913 piam
1341 3833 1375 3890 ct
1391 3819 1580 3889 salutarem
1598 3842 1731 3911 pacem.
1780 3816 1878 3888 Bene
1893 3821 1989 3900 vale,
2015 3820 2073 3889 die
2089 3820 2125 3896 6.
2142 3823 2219 3897 No.

189 3928 265 4012 dia,
289 3944 416 4014 magna
437 3936 487 3991 est
500 3921 713 3992 iudiciorum
727 3922 879 4011 gravitas
896 3911 1118 4014 et‘aequitas,
1144 3933 1180 3990 et
1224 3920 1388 3994 vembris.
1737 3915 1927 4011 Philippus
1940 3916 2166 4000 Melantbon.

129 4059 130 4062 ¹
187 4023 375 4098 mediocris
396 4022 603 4113 disciplinae
627 4046 725 4094 cora.
774 4019 871 4094 Haec
891 4023 985 4094 bona
1005 4022 1036 4091 si
1053 4023 1180 4093 volunt
1247 4063 1254 4073 ·
1734 4018 1868 4117 Caspar
1883 4019 2051 4112 Cruciger
2071 4020 2117 4095 D.

188 4131 307 4200 delere
322 4136 502 4217 potentes,
526 4125 631 4194 ferrei
647 4137 742 4199 sunt.
1420 4120 1424 4126 ’

290 4226 399 4317 Quod
421 4238 539 4297 autem
563 4224 779 4315 interrogas,
812 4226 900 4320 quid
923 4226 1064 4298 consilii
1089 4227 1186 4296 dan-·
1649 4296 1653 4301 ,

188 4335 274 4402 dum
289 4329 334 4400 sit
344 4328 477 4401 vocatis
491 4329 536 4398 ad
551 4325 740 4397 militiam?
763 4339 884 4398 contra
896 4329 969 4398 vim
988 4328 1077 4421 quid
1097 4349 1180 4419 pos-
1237 4323 1305 4397 No.
1321 4319 1435 4397 5598.
1637 4371 1644 4419 3
1932 4332 1967 4392 ,’
2090 4322 2215 4395 6.Nov.

190 4451 312 4502 sumus
333 4431 418 4501 dare
439 4428 590 4502 consilii.
641 4426 713 4498 Sed
736 4419 804 4498 hoc
825 4428 955 4510 sciant,
988 4429 1121 4498 bellum
1142 4452 1179 4497 se
1233 4423 1445 4485 W
1841 4488 1848 4503 ,
1896 4458 1900 4463 ·
2083 4415 2217 4444 Μ

186 4534 364 4603 iniustum
375 4529 543 4601 adiuvare
558 4544 681 4600 contra
696 4540 921 4620 praeceptum
935 4531 1100 4621 quintum
1115 4529 1176 4607 de-
1580 4484 1623 4570 C·
1648 4482 1882 4569 pamm·
1979 4601 1985 4609 ,

188 4632 313 4723 calogi.
362 4624 444 4702 Etsi
458 4643 574 4701 autem
591 4631 765 4701 obiiciunt
779 4628 892 4723 aliqui
909 4628 1032 4713 astuti,
1057 4650 1177 4697 causas
1292 4651 1377 4725 epar.
1391 4650 1438 4704 tib.
1453 4647 1488 4704 v,
1507 4666 1534 4719 ρ.
1546 4646 1599 4701 297
1609 4665 1651 4718 sq.

186 4732 459 4828 belliprofanas
483 4745 517 4800 et
537 4731 698 4823 politicas
719 4754 813 4817 esse,
846 4729 983 4801 etiamsi
1005 4751 1087 4801 vere
1110 4725 1176 4799 hoc
1272 4762 1464 4841 Christo
1505 4762 1619 4839 horo
1644 4760 1895 4836 Pannonio
1953 4758 2095 4858 (Theop

185 4839 508 4918 diceretuntamen
523 4833 605 4901 illae
620 4833 715 4923 ipsae
728 4854 851 4902 causae
864 4854 939 4900 non
955 4843 1040 4902 suut
1050 4829 1175 4930 iustae,
1258 4884 1262 4892 .
1470 4791 1495 4865 p
1609 4864 1813 4968 Francos)
1905 4823 1914 4853 ’
2094 4788 2164 4860 οἷο

186 4964 251 5010 cur
269 4935 422 5028 patriae,
453 4957 516 5003 cur
539 4934 694 5022 cognatis
714 4933 1048 5007 belluminleratur.
1098 4928 1173 5001 Hac
1232 4974 1252 5002 a
1407 4933 1413 4939 '⁴

186 5045 230 5110 de
251 5064 290 5109 re
311 5038 467 5107 modeste
489 5034 563 5106 edit
584 5033 754 5104 iudicium
778 5058 882 5105 suum
902 5047 1021 5104 noster
1040 5030 1174 5102 Pastor.
1222 4985 1268 5111 δ,
1289 4989 1333 5065 D·
1385 4989 1548 5082 Quadam
1565 4987 1810 5081 ⁸P⁰h³⁶¹e⁰¹¹⁸
1826 5001 1964 5059 melum
1982 4987 2213 5083 aliquem&

82 5152 85 5159 .
183 5138 352 5232 Egonon
366 5135 571 5217 dubitarim,
591 5157 665 5205 non
682 5135 797 5205 solum
814 5136 940 5207 nond
955 5132 1174 5228 pedespfin·
1224 5095 1415 5178 nouimus,
1448 5118 1489 5164 ac
1521 5093 1714 5164 etiamnum
1739 5115 1841 5183 spero
1868 5089 1983 5159 exitus
2005 5115 2080 5161 uon
2101 5103 2214 5162 tetros

183 5244 303 5334 cipum
316 5239 485 5323 adiicere,
508 5237 679 5331 petendae
691 5235 786 5326 pacis
797 5258 902 5316 causa
915 5236 955 5306 in
972 5235 1097 5328 patria,
1113 5234 1173 5304 sed
1229 5231 1499 5350 We·
1516 5286 1734 5353 “mmm

144 5360 165 5407 .’
183 5346 288 5416 etiam
315 5367 392 5412 mea
416 5352 530 5410 morte
552 5338 704 5410 libenter
726 5331 853 5408 harum
873 5336 1059 5428 regionum
1080 5347 1176 5406 tran—
1253 5371 1395 5440 stiuam]
1414 5369 1476 5426 cod.
1490 5366 1570 5424 Mos.
1584 5376 1723 5424 ,mm
1818 5388 1822 5393 .

181 5446 396 5542 quiltitatem
414 5440 588 5513 redimere
607 5439 748 5511 vellem.
804 5434 924 5510 Deum
945 5452 1065 5512 autem
1088 5436 1174 5510 assi·
1250 5460 1283 5534 3)
1302 5460 1372 5518 cot.
1386 5460 1466 5515 Mon.
1480 5456 1572 5514 stuta
1590 5457 1660 5526 pp,
