4748 6022
161 189 237 264 885
733 181 1173 312 netsrohaauat

159 359 276 443 tibus,
316 358 445 449 gradm
468 359 745 460 gubernatorum
775 384 848 430 non
873 361 1082 430 labefactare
1098 356 1176 453 ⁴⁸).'

160 457 291 531 Forma
317 474 417 530 vetus
441 461 670 549 collegiorum
693 463 993 550 magno.consilio
1021 463 1153 531 consti-

161 575 237 632 tuta
259 562 378 629 estad
401 562 598 652 exemplum
619 559 813 647 Ecclesiae,
846 587 936 655 quae
959 563 998 630 in
1021 564 1153 652 populo

163 659 276 732 lsrae’l
302 662 436 751 fuerat,
469 674 509 731 ut
532 663 584 731 ibi
605 664 786 733 doctrinae
809 666 970 734 custodes
992 676 1026 732 et
1051 676 1153 733 testes

163 777 289 834 essent.
339 759 390 832 Et
409 777 492 833 sunt
513 765 552 831 in
574 765 730 854 collegiis
752 765 823 833 illis
845 765 977 834 alicubi
991 759 1036 856 ⁴⁸)
1059 765 1155 834 docti

161 864 243 936 viri.
285 860 359 932 Nec
371 864 643 933 existimandum
658 880 721 948 est,
746 868 791 935 ad
806 866 1074 936 diuturnitatem
1091 889 1153 935 au-

162 965 215 1033 las
235 963 438 1063 principum
462 966 709 1035 illiteratorum
732 963 919 1057 futuras⁴⁷)
936 989 1009 1036 esse
1032 968 1069 1034 in
1093 991 1155 1036 cu·

164 1066 350 1135 stodienda
368 1067 529 1134 doctrina
544 1066 793 1155 diligentiores.
841 1065 1014 1139 Libenter
1026 1081 1061 1137 et
1078 1093 1155 1146 cae-

164 1167 357 1244 remonias,
394 1189 480 1258 quas
513 1167 606 1235 liber
636 1168 824 1259 praecipit,
864 1170 1007 1258 recipio.
1073 1168 1154 1240 Scio

164 1268 259 1334 enim
278 1267 485 1357 disciplinae
505 1281 641 1359 partem
661 1293 733 1338 esse
749 1271 1004 1354 caeremonias,
1027 1282 1061 1339 ct
1076 1271 1156 1361 opi-

163 1392 250 1452 nor,
274 1367 383 1436 vitam
403 1392 517 1437 meam
535 1371 673 1454 testari,
698 1394 753 1439 me
771 1371 979 1461 disciplinae
1001 1385 1035 1441 et
1057 1372 1155 1439 ordi-

163 1470 220 1537 nis
236 1482 412 1537 amantem
433 1493 516 1540 esse.
568 1467 616 1540 Et
630 1485 766 1541 constat
781 1472 868 1540 meis
887 1472 1027 1562 scriptis
1041 1473 1157 1564 qtrali-

1224 182 1335 263 LlB.
1358 183 1424 263 XI.
1478 180 1613 262 1548.
2125 180 2214 256 884

1200 356 1388 426 consilium
1412 369 1568 428 vestrum
1590 357 1696 448 plane
1719 338 1909 447 exponere,
1933 378 1975 425 ac
1997 355 2219 441 ostendere,

1200 481 1264 528 cur
1281 452 1372 526 hanc
1388 458 1671 528 conciliationem
1689 455 1857 527 Ecclesiis
1879 458 2111 549 profuturam
2133 480 2217 527 esse

1201 558 1415 632 existimetis.
1456 556 1596 628 Horum
1608 562 1702 650 apud
1721 559 1854 628 vicinas
1870 573 1987 647 gentes
2005 561 2218 629 auctoritas

1202 660 1306 728 etiam
1330 659 1482 745 valeret,
1514 684 1665 752 quorum
1685 662 1888 730 voluntates
1910 661 2041 728 sinon
2072 663 2217 731 adiun-

1201 773 1334 846 guntur
1359 761 1404 829 ad
1425 773 1571 845 vestras,
1603 786 1694 831 nova
1716 763 1860 830 dissidia
1883 775 1999 829 eruut.
2059 761 2104 831 Si
2129 764 2217 856 quis

1201 875 1317 930 autem
1336 856 1443 954 vcl⁸⁰)
1457 863 1600 933 stultam
1617 863 1672 931 vel
1690 863 1856 932 iniustam
1871 863 2113 953 pertinaciam
2139 889 2218 934 esse

1202 961 1389 1046 iudicabit,
1414 987 1487 1031 non
1503 964 1665 1032 assentiri
1681 965 1772 1033 libro
1788 966 1825 1032 in
1843 964 2015 1032 omnibus
2036 965 2217 1052 articulis,
2232 974 2240 990 '‘

1202 1077 1235 1132 et
1249 1063 1346 1132 abuti
1362 1088 1426 1133 nos
1440 1064 1583 1134 lenitate
1598 1066 1820 1155 imperatoris
1832 1067 1936 1149 dicet,
1954 1061 2042 1134 huic
2057 1090 2217 1158 respon-

1202 1166 1281 1243 deo,
1300 1189 1356 1232 me
1372 1189 1446 1233 non
1464 1166 1578 1235 solum
1596 1167 1758 1256 publicae
1775 1168 1869 1258 pacis
1882 1190 1994 1250 causa,
2012 1169 2080 1234 sed
2097 1171 2216 1239 etiam

1202 1289 1247 1334 ne
1263 1265 1439 1335 invocatio
1456 1266 1499 1334 in·
1516 1267 1720 1336 rudioribus
1738 1271 1920 1351 turbetur,
1947 1269 2051 1337 multa
2070 1270 2212 1358 largiri

1203 1378 1236 1434 et
1251 1365 1490 1449 dissimulare,
1517 1391 1580 1435 nec
1596 1368 1758 1456 ignorare
1773 1395 1828 1438 me
1843 1371 1936 1437 illud
1953 1367 2207 1441 Pindaricum:

1201 1461 1244 1536 τὸ
1272 1471 1384 1563 σιγᾶν
1414 1462 1587 1547 πολλάκις
1616 1464 1693 1539 ἐστὶ
1720 1464 1944 1565 σοφώτατον
1976 1456 2202 1563 &adquisiera-

162 1570 372 1662 buscunque
400 1570 542 1639 invitari
568 1571 787 1642 iuventutem
815 1575 860 1641 ad
889 1573 1154 1662 intelligendam
1202 1567 1271 1638 Sed
1290 1571 1414 1638 modus
1429 1582 1478 1639 est
1494 1571 1639 1662 quidam
1657 1570 1733 1639 eius
1747 1574 1809 1640 rei.
1849 1571 1888 1643 Si
1903 1585 2030 1641 autem
2044 1568 2197 1642 hacmo-

71 1747 73 1750 y
162 1683 198 1739 et
220 1672 409 1740 amandam
423 1671 659 1762 disciplinam.
710 1673 805 1743 Puer
827 1675 930 1742 etiam
954 1675 991 1742 in
1016 1674 1155 1765 templis
1202 1669 1382 1738 deratione
1405 1671 1536 1760 placari
1559 1686 1717 1760 potentes
1739 1696 1812 1741 non
1838 1670 2071 1767 possuns‘l’),
2097 1675 2204 1742 etii·

71 1795 73 1798 ·
161 1771 334 1859 singulari
358 1773 538 1863 voluptate
566 1774 656 1843 ritus
684 1769 862 1870 omnes⁴⁸)
889 1776 1092 1861 observavi,
1122 1788 1157 1844 et
1202 1771 1289 1839 deor
1302 1765 1480 1840 Ecclesiae
1498 1795 1571 1841 esse
1594 1766 1782 1867 ἀλάστωρ,
1808 1788 1866 1843 aut
1891 1776 2026 1843 videor
2042 1771 2088 1869 61)
2115 1778 2212 1866 apud

161 1885 288 1959 natura
305 1897 382 1941 mea
399 1873 613 1943 alienissima
630 1885 680 1944 est
691 1870 734 1972 ⁴⁹)
751 1877 795 1944 ab
815 1877 875 1945 illa
891 1874 1085 1970 Cyclopum
1101 1876 1156 1944 vi·
1202 1884 1341 1940 nostros
1363 1873 1492 1954 amicos
1513 1875 1620 1943 fuisse
1637 1876 1734 1943 velut
1751 1871 1974 1945 Melanthius
1998 1878 2103 1968 apud
2126 1901 2214 1967 por.

163 1988 218 2057 ta,
238 1997 327 2066 quae
349 1973 487 2063 ignorat
502 1976 665 2044 ordinem
688 1977 886 2060 actionum,
912 1990 947 2048 et
967 1978 1043 2046 odit
1067 1979 1156 2046 ritus
1202 1997 1261 2041 cos
1274 1969 1480 2064 Penelopes,
1505 1989 1628 2044 auctor
1642 1977 1778 2065 pecoris
1792 1971 2000 2070 edendi‘²),
2022 1991 2069 2047 ut
2083 1973 2214 2046 Ovidii

162 2097 368 2144 communes
383 2077 481 2145 velut
495 2101 678 2148 carcerem.
719 2078 792 2147 Nec
810 2090 947 2148 tantum
964 2080 1157 2168 amplector
1203 2074 1320 2141 verbis
1332 2088 1432 2158 utar,
1458 2076 1513 2143 vel
1531 2091 1748 2149 monstrator
1764 2101 1966 2162 armorum,
1991 2081 2115 2148 feram
2135 2076 2212 2148 Deo

161 2169 268 2259 haec,
297 2200 386 2269 quae
416 2178 593 2261 recensui,
617 2181 675 2247 scd
703 2181 911 2271 persuadere
940 2179 1047 2250 etiam
1077 2180 1155 2248 aliis
1202 2174 1344 2242 iuvante
1360 2169 1403 2267 ⁶³)
1427 2201 1516 2269 quae
1538 2178 1717 2262 accident,
1743 2203 1816 2248 non
1839 2193 1878 2249 ut
1904 2179 1962 2248 illi
1988 2178 2213 2264 Melanthio,

162 2278 311 2345 eandem
338 2278 545 2348 sententiam
566 2282 726 2353 studebo.
783 2279 837 2350 De
859 2282 928 2350 lide
949 2295 1065 2350 autem
1088 2282 1157 2350 fuit
1200 2276 1260 2343 sed
1277 2276 1410 2361 utaliis
1424 2278 1557 2361 multis,
1581 2280 1643 2370 qui
1659 2280 1696 2346 in
1714 2281 1818 2349 bonis
1833 2282 1951 2349 causis
1967 2283 2088 2350 etiam
2103 2283 2212 2351 levio-

162 2377 362 2446 admonitio
381 2381 572 2448 necessaria
583 2376 639 2471 ⁵⁰),
662 2406 768 2473 quarn
785 2383 829 2450 ad
845 2405 907 2451 vos
924 2383 1015 2466 misi,
1041 2396 1074 2452 et
1090 2384 1157 2451 ob·
1201 2373 1300 2445 ribus
1316 2379 1496 2448 veritatem
1513 2380 1604 2448 vitae
1618 2382 1870 2455 antetulerunt.
1904 2381 1983 2451 Nec
2000 2384 2212 2475 impediam,

161 2477 270 2547 tineri
282 2500 382 2568 posse
397 2481 679 2550 emendationem
695 2481 860 2552 arbitror.
895 2480 938 2551 ln
955 2507 994 2552 ea
1008 2479 1153 2575 enim‘')
1202 2479 1412 2569 quominus
1435 2481 1649 2557 constituant
1671 2483 1930 2575 rempublicam
1956 2507 2034 2554 suo
2064 2485 2217 2557 arbitrio'

162 2600 265 2646 causa
287 2579 415 2648 melior
438 2594 490 2649 est
511 2581 674 2651 voluntas
698 2583 936 2672 imperatoris,
960 2608 1066 2677 quarn
1091 2586 1155 2652 ad·
1200 2580 1462 2669 gubernatores.

97 2712 103 2719 ·
161 2680 399 2748 versariorum
415 2676 476 2769 ⁸²),
509 2683 570 2774 qui
600 2685 793 2770 gloriosum
823 2685 891 2753 sibi
915 2708 987 2755 esse
1008 2688 1154 2771 ducunt,
1300 2677 1379 2750 Etsi
1399 2695 1514 2751 autem
1531 2682 1613 2768 scio,
1638 2679 1728 2752 hanc
1744 2683 1901 2754 nostram
1917 2688 2204 2757 moderationem

163 2803 229 2848 nos
243 2794 409 2874 tanquam
435 2806 561 2872 pueros
580 2785 775 2874 praestigiis
792 2785 976 2860 ludificari.
1200 2805 1273 2850 non
1287 2784 1486 2853 satisfacere
1497 2778 1541 2876 ⁶⁴)
1556 2785 1618 2868 iis,
1645 2787 1707 2878 qui
1728 2809 1903 2854 summam
1927 2790 2137 2876 potentiam
2160 2802 2203 2856 te-

257 2878 359 2975 De⁶³)
382 2883 605 2953 invocatione
628 2900 850 2955 mortuorum
859 2884 902 2978 ⁸⁴)
923 2889 961 2956 iu
986 2889 1065 2957 aliis
1089 2912 1154 2957 na.
1200 2897 1304 2968 nent,
1331 2896 1447 2953 tamen
1471 2899 1505 2954 te
1519 2908 1601 2970 oro,
1626 2900 1684 2968 ut,
1703 2911 1781 2956 cum
1806 2884 1894 2956 haec
1915 2893 2121 2959 certamina
2138 2913 2200 2957 non

162 2983 322 3052 tionibus
344 2997 433 3054 tetra
453 2983 657 3079 exempla⁸‘)
679 2988 799 3057 vidisti
821 2984 959 3081 ipse⁸⁶);
986 2990 1068 3058 talia
1090 3013 1154 3057 ne·
1201 2985 1389 3070 moverim,
1415 3000 1448 3056 ct
1474 2987 1553 3055 sine
1577 2988 1771 3077 petulantia
1799 2990 1995 3058 veritatem
2025 2992 2198 3085 quaesive-

77 3108 82 3119 ·
162 3108 338 3176 quaquam
361 3086 535 3155 stabiliam
556 3112 631 3156 mea
654 3089 913 3178 suffragatione.
966 3088 1020 3159 De
1040 3103 1154 3159 caete·
1200 3085 1286 3168 rim,
1311 3101 1345 3155 et
1359 3112 1455 3156 meae
1472 3088 1722 3179 explicationes
1737 3091 1859 3160 multis
1884 3092 2001 3160 bonis
2018 3095 2126 3161 rebus
2140 3092 2195 3158 ali·

162 3185 212 3251 ris
229 3186 384 3254 articulis
401 3211 496 3256 nunc
510 3211 584 3257 non
600 3213 733 3279 pugno.
788 3189 1073 3261 llludautemin
1088 3187 1154 3261 hac
1200 3187 1285 3279 quid
1315 3189 1401 3256 lucis
1418 3186 1728 3273 attulerint,mihi
1752 3205 1792 3261 ut
1810 3193 1953 3260 veniam
1971 3197 2043 3263 des
2060 3195 2113 3261 uel
2130 3208 2194 3260 stu-

161 3284 415 3355 deliberatione
448 3289 552 3356 etiam
581 3292 876 3361 considerandum
905 3305 975 3377 est,
1011 3289 1153 3389 quid⁸⁷)
1201 3290 1261 3357 dio
1284 3285 1522 3360 Ecclesiarum
1550 3305 1750 3360 nostrarum
1777 3295 1961 3384 cupienti,
2008 3321 2057 3364 ne
2086 3316 2190 3363 earum

140 3385 398 3483 'mediocribus
415 3390 612 3477 pastoribus
635 3394 836 3476 persuaderi
853 3395 972 3484 possit.
1015 3393 1152 3463 Vellem
1200 3390 1438 3482 tranquillitas
1464 3393 1642 3476 turbetur,
1669 3394 1724 3460 vel
1749 3394 1911 3487 alioquin
1942 3392 2121 3492 minus⁶⁵)
2144 3394 2190 3459 si-

93 3519 95 3522 <
162 3485 345 3575 igiturvos
362 3502 394 3557 et
411 3487 667 3583 praecipuos⁸⁰)
684 3516 725 3561 ex
740 3495 939 3565 senioribus
952 3496 1153 3587 pastoribus
1200 3492 1299 3560 denti
1315 3493 1399 3583 quid
1417 3494 1588 3584 expediat.
1638 3492 1806 3563 Consiliis
1829 3498 1996 3567 debello
2020 3515 2183 3587 nunquam

1199 3589 1380 3663 adhibitus
1396 3595 1460 3679 fui,
1481 3617 1631 3686 cumque
1647 3597 1775 3666 ducum
1794 3611 1941 3666 naturas
1961 3625 2105 3677 nomem,
2123 3597 2182 3660 do-

1199 3695 1269 3777 lui,
1303 3719 1361 3763 eos
1387 3720 1483 3765 arma
1506 3720 1637 3784 capere.
1696 3694 1858 3766 Sciebam
1888 3713 1924 3768 et
1961 3702 2073 3777 illud,
2102 3692 2182 3763 nilril

1199 3819 1272 3863 esse
1299 3796 1413 3863 simile
1440 3795 1629 3885 Pelopidae
1663 3810 1697 3866 a
1729 3794 2040 3888 Epaminondae,
2063 3821 2182 3868 meum·

1198 3891 1315 3988 que‘'⁶)
1341 3897 1511 3965 iudicium
1535 3911 1568 3966 et
1582 3898 1741 3966 dolorem
1758 3913 1839 3969 ante
1859 3901 2004 3971 bellum
2023 3904 2066 3970 iis
2082 3915 2181 3968 osteu-

1198 3997 1255 4080 di,
1298 4021 1449 4091 quorum
1482 4002 1576 4090 apud
1609 3998 1962 4089 principcsvalebat
1999 4002 2182 4074 auctoritas.

1197 4097 1319 4191 Neque
1336 4123 1417 4168 vero
1434 4123 1511 4168 sum
1530 4102 1658 4169 stoicus
1674 4116 1708 4171 et
1725 4102 1853 4169 fortius
1866 4127 1951 4171 curn
1970 4104 2124 4175 Zenonis
2138 4102 2181 4168 ia·

1197 4201 1294 4269 milia
1318 4198 1580 4292 praeliabar⁰⁷)‚
1607 4225 1712 4293 qtram
1736 4203 1849 4271 nostri
1872 4206 1989 4275 duces
2013 4209 2055 4276 ad
2075 4203 2181 4274 Danu-

1196 4302 1295 4371 bium
1314 4303 1475 4392 praeliati
1494 4296 1641 4394 sunt⁶⁸),
1664 4326 1729 4372 nec
1752 4304 1796 4372 ad
1822 4305 1982 4376 stoicum
2008 4310 2116 4378 fatum
2136 4325 2181 4371 rc·

194 3750 241 3816 45)
261 3754 345 3806 Mani.
362 3756 576 3820 gubernationis
593 3773 650 3810 noa
667 3721 842 3826 iohes'ostorti
875 3758 945 3815 Cod.
958 3758 1076 3831 Guelpb.
1094 3778 1152 3813 nois

227 3821 401 3889 labefactari.

192 3905 238 3972 46)
259 3905 347 3960 Mani.
366 3909 464 3975 aliqui.
716 3945 726 3957 .

192 3989 238 4056 47)
258 3989 327 4044 Cod.
344 3988 427 4044 Goth.
446 3994 470 4047 1.
488 3992 515 4047 2.
524 3991 635 4059 sudas.

190 4073 236 4140 48)
258 4070 326 4130 cot.
345 4071 428 4130 Goth.
447 4074 473 4129 4.
496 4093 666 4131 communes.

189 4158 234 4225 49)
253 4155 320 4214 Cod.
341 4156 424 4215 Goth.
442 4158 469 4215 4.
486 4179 506 4212 a
522 4170 630 4213 notura
647 4164 834 4223 alienissimus
843 4163 901 4234 sui.

189 4243 235 4310 50)
255 4243 322 4301 Cod.
342 4243 425 4302 Gotb.
444 4245 469 4301 5.
489 4255 601 4301 nostro.
695 4288 697 4292 ,
768 4268 772 4274 ’
922 4315 926 4322 ,

180 4328 236 4394 ’51)
255 4329 344 4393 enim]
363 4328 449 4399 Most:
468 4338 495 4381 et
513 4331 578 4386 eod.
598 4328 680 4385 Goth.
701 4331 727 4388 4.
748 4352 798 4404 pro
816 4336 916 4388 etiam.

189 4411 235 4479 52)
253 4416 496 4480 adversariorum]
514 4414 561 4470 sie
580 4416 668 4471 Mani.
688 4429 714 4471 et
739 4419 802 4473 cod.
819 4419 901 4477 Goth.
920 4419 946 4474 5.
970 4440 1148 4492 prosarum,

222 4483 272 4554 qui
279 4482 440 4548 formulam
458 4487 828 4569 commonuerunt-habet
842 4489 903 4542 cod.
918 4489 1033 4561 Guelph.
1047 4504 1073 4545 et
1087 4497 1143 4546 edi·
1227 4507 1277 4576 59)
1297 4510 1343 4560 ης)
1359 4527 1374 4561 0
1389 4517 1459 4561 regau
1472 4507 1553 4578 impr,
1570 4506 1677 4562 excidit.

221 4557 279 4600 tttm
296 4558 337 4629 est
349 4569 410 4620 epp.
425 4550 468 4606 Vl.
486 4552 560 4634 quod
580 4553 751 4626 esplrcatrour
770 4557 890 4638 debetur.
926 4557 995 4613 cod.
1013 4559 1077 4617 Bau.
1091 4568 1145 4615 od-

219 4621 689 4747 tiiss222?'“it.‘.tl.sttlllt”
713 4633 935 4692 ‘⁰⁶⁴⁶'‘''⁸‘'“”‘
958 4644 1006 4679 ⁸⁶⁹
1030 4647 1144 4696 ⁶⁰'''''⁰'

185 4768 230 4837 55)
247 4769 306 4832 De]
323 4766 411 4826 Mani.
428 4781 454 4823 et
471 4773 552 4827 codd.
571 4791 621 4844 pro
640 4783 747 4842 quanta
762 4777 801 4831 in.

188 4852 239 4922 54)
261 4857 456 4917 mortuorum]
484 4854 570 4909 Mani.
595 4865 621 4907 et
644 4857 726 4913 codd.
751 4877 801 4929 pro
826 4870 1000 4918 sanctorum.
1045 4863 1142 4920 Muto·

135 4948 137 4955 ·
218 4923 339 4973 tionibus
355 4921 427 4992 apud
446 4922 531 4977 Mani.
550 4942 600 4994 pro
618 4928 780 4980 natiom'dus
797 4934 839 4982 est
859 4932 1000 4987 meadum.

184 5007 227 5075 55)
244 5005 360 5059 Testuss
380 5015 407 5058 et
426 5025 512 5074 quom
531 5016 615 5062 istro.

1226 4591 1271 4659 60)
1290 4593 1447 4657 pioeori-
1459 4599 1579 4654 mssuat
1600 4587 1673 4642 edidi
1691 4608 1721 4641 ex
1739 4587 1844 4643 Manlio
1862 4597 1891 4642 et
1909 4590 2001 4646 codd.

1225 4675 1270 4744 61)
1291 4677 1388 4728 uideor
1407 4691 1456 4743 pro
1475 4676 1571 4725 videor
1587 4673 1685 4727 habent
1704 4672 1792 4730 Mani.
1809 4684 1836 4729 et
1854 4675 1941 4730 codd.

1223 4760 1269 4824 62)
1290 4760 1359 4813 cod.
1378 4757 1461 4812 Goth.
1482 4763 1504 4813 1.
1525 4758 1551 4812 et
1567 4757 1594 4812 2.
1613 4759 1758 4825 uendendi.
1917 4764 1920 4769 ‘

1222 4843 1266 4910 65)
1286 4843 1372 4897 Mani.
1392 4846 1510 4900 uolente.
1827 4858 1830 4863 '

1220 4929 1271 4998 64)
1289 4928 1376 4982 Mani.
1397 4929 1610 4996 satisfacturam
1629 4944 1697 4980 esse.

1222 5014 1269 5080 65)
1288 5014 1405 5083 -Ῑ-ηιωε,
1423 5013 1483 5068 cod.
1502 5010 1701 5069 Gotb.1.ets.

71 5158 73 5163 A
183 5089 227 5154 5⁶)
246 5088 333 5142 Μ’ΠῙ·
350 5091 476 5152 ”filius-⁸3
501 5093 569 5153 istst·
806 5147 817 5155 .,
1221 5100 1266 5162 66)
1290 5099 1380 5153 lllsnl.
1397 5114 1608 5164 nonnunquam.

181 5171 228 5237 57)
248 5172 317 5224 004·
331 5171 415 5226 Goth.
431 5174 456 5224 l·
479 5182 505 5225 et
524 5173 551 5228 4.
569 5179 719 5241 quomodo.
1219 5183 1264 5254 62)
1279 5185 1459 5249 praeliabor]
1478 5182 1540 5235 cod.
1556 5178 1639 5232 Goth.
1656 5181 1680 5233 l.
1693 5189 1719 5232 et
1734 5179 1759 5235 4.
1776 5197 1828 5250 pro
1843 5184 1999 5247 prosicias-1⁰
2013 5194 2105 5247 soleo,

180 5255 224 5320 58)
248 5255 414 5319 praecipuos
437 5254 508 5307 edidi
535 5274 549 5308 e
572 5256 632 5310 cod.
651 5257 737 5312 Gotlr.
759 5260 782 5313 1.
802 5261 871 5316 eid.
896 5281 947 5332 pro
970 5268 1141 5334 praestituis.-
1220 5265 1265 5336 68)
1283 5266 1368 5318 Mani.
1385 5264 1479 5318 serbss
1501 5278 1589 5331 neque
1610 5263 1713 5317 stoicus
1733 5261 1883 5330 refertius
1903 5293 1941 5307 ·—
1955 5300 2047 5316 --
2061 5273 2181 5342 praeires&

215 5322 287 5377 eod.
306 5321 424 5393 Guelplr.
442 5340 491 5375 uos
504 5326 665 5391 praecipuis
684 5337 713 5380 es
728 5330 883 5386 sem'ors'dus
900 5341 954 5388 etc.
1255 5344 1334 5406 sunt,
1353 5330 1543 5406 praetermisit.
