4734 6000
153 212 246 292 '82³

166 400 256 474 ster,
280 409 377 459 nnnc
389 385 426 453 in
444 370 727 451 Dunlcelsbndel
740 373 972 462 ecclesiastes,
992 369 1090 445 hand
1108 373 1157 446 lta

167 492 306 583 pridem
330 490 375 556 ad
397 508 453 552 me
476 480 631 571 scripsit,
664 480 765 548 cuius
794 473 880 548 haec
905 479 948 546 ad
972 502 1029 544 me
1051 476 1157 545 verba

167 605 266 660 sunt:
292 589 331 654 in
348 583 466 672 vigilia
482 576 691 674 epiphanias
709 593 810 670 capta
827 593 879 650 est
894 579 1012 672 aquila
1035 601 1054 645 a
1073 569 1158 645 La·

167 689 292 766 ssione,
308 685 383 754 cive
397 698 518 753 nostro
535 684 629 752 iuxta
649 682 858 773 oppidulum
873 673 1024 746 Rottlin
1040 677 1158 744 uomi-

167 814 230 867 ne,
255 810 330 855 uon
346 785 468 876 procul
484 780 567 854 hinc
582 785 758 865 distante,
775 804 863 872 quac
879 802 1006 871 magno
1023 778 1157 867 impetu

167 891 205 958 in
222 883 403 957 hominem
422 911 512 979 equo
526 886 736 954 insidentem
753 880 903 965 decidit,
924 882 971 949 ita
988 893 1028 948 ut
1041 879 1085 947 de
1102 878 1157 946 vi-

166 1005 202 1061 ta
216 986 475 1083 periclitaretur
489 987 592 1068 civis,
616 986 727 1074 ipsam
749 995 865 1050 tamen
882 981 1015 1050 crebris
1029 980 1157 1049 ictibus
1206 1013 1274 1089 No·
1291 1012 1404 1090 4¹69.

166 1092 308 1162 tandem
325 1092 533 1181 prostratam
548 1100 652 1176 atque
669 1097 825 1151 necatam
842 1095 964 1152 nostro
980 1084 1075 1150 dono
1094 1082 1158 1149 de·
1212 1107 1384 1140 som

166 1193 221 1262 dit
233 1191 381 1263 senatui.
416 1187 618 1259 Alexandro
635 1206 762 1273 magno
780 1182 884 1271 digna
901 1207 973 1266 res,
987 1182 1034 1252 ob
1050 1205 1156 1275 quam

168 1289 380 1361 Aristander
395 1302 490 1357 vates
507 1287 770 1370 consuleretur,
796 1284 869 1352 visa
885 1283 1025 1369 luisset,
1051 1306 1157 1375 quem

166 1393 211 1462 ab
229 1391 338 1461 animi
363 1389 610 1479 superstitione
625 1389 672 1456 ob
695 1399 835 1476 raptum
857 1410 1004 1455 corvum
1029 1407 1158 1453 consu·

167 1493 271 1563 luisse
295 1490 480 1584 aliquoties
501 1487 647 1560 Curtius
670 1482 799 1556 author
822 1501 884 1560 est.
936 1486 1047 1555 Porro
1069 1484 1156 1576 quid

167 1594 372 1687 portendat,
404 1592 500 1684 quod
525 1591 599 1660 avis
622 1589 754 1657 nostris
774 1587 977 1677 regionibus
1000 1587 1157 1654 insolens

165 1707 265 1785 capta
290 1706 343 1763 est
368 1705 403 1763 et
425 1693 555 1772 occisa,
585 1688 633 1785 (si
660 1691 766 1758 modo
799 1687 980 1780 portendit
1002 1681 1157 1780 aliquid)

164 1796 254 1865 alios
268 1793 424 1864 iudicare
439 1817 544 1887 quam
562 1815 617 1860 me
632 1790 748 1879 ipsum
766 1789 871 1858 malo.
922 1784 1020 1880 Opto
1033 1801 1078 1871 te,
1092 1789 1158 1856 do-

164 1896 260 1964 mine
276 1888 463 1984 Philippa,
487 1915 623 1982 semper
636 1891 673 1958 in
690 1886 832 1958 Christo
852 1886 931 1958 lesu
948 1890 1080 1979 optime
1097 1912 1159 1955 va-

166 1997 236 2065 lere
253 2007 289 2064 et
305 1993 468 2063 ecclesiae
485 1989 618 2062 Christi
633 2013 811 2078 superesse
828 1991 1040 2060 diutissime.
1082 1989 1160 2058 Da-

165 2111 220 2167 tae
233 2093 389 2166 Dresdae
409 2090 466 2167 10.
486 2091 609 2162 Martii
634 2090 742 2166 1548.

724 2203 779 2275 Te
795 2206 952 2280 deditiss.

671 2302 800 2376 Daniel
817 2305 1021 2382 Graeserus.

568 2403 678 2507 [Past.
699 2423 733 2480 et
745 2407 925 2501 Superint.
940 2403 1088 2506 Dresd.]

164 2802 231 2876 No.
245 2769 357 2875 llos.

170 2898 341 2926 m

988 2803 1159 2918 Q

429 2996 575 3079 Ioacls.
612 2993 871 3081 Camerario.

233 3155 317 3227 Epist.
331 3157 364 3212 ad
381 3158 521 3214 Camerar.
531 3177 557 3231 p.
566 3159 618 3212 587
624 3178 665 3230 sq.
679 3159 761 3229 (edit.
776 3158 863 3215 Lond.
880 3156 927 3211 lib.
941 3153 989 3213 lV.
1004 3171 1046 3226 ep.
1056 3153 1140 3222 tto).

164 3295 323 3377 Clarias.
361 3306 456 3383 viro,
495 3299 697 3374 eruditione
730 3315 762 3375 et
793 3302 921 3372 virtute
946 3297 1159 3399 praestanti

163 3398 409 3474 Inachimo
440 3396 716 3476 Camerario
752 3401 995 3498 Pubergensi,
1035 3399 1154 3471 amico

428 3514 459 3573 et
466 3505 594 3603 fratri
605 3531 672 3575 sno
691 3505 900 3586 carissimo,

163 3647 207 3738 S.
232 3667 279 3743 D.
330 3666 458 3739 Multis
488 3670 698 3740 coniecturis
724 3669 918 3740 ratiocinor
941 3665 1010 3739 hoc
1036 3669 1153 3739 consi-

164 3770 255 3841 lium
280 3770 488 3839 instituendi
510 3771 646 3839 fucosae
676 3787 709 3844 et
738 3772 857 3841 sutiles
881 3772 1152 3862 compositiones

165 3871 388 3959 dogmatum,
414 3869 454 3941 ἐν
473 3874 528 3964 τῷ
549 3865 688 3965 μεταξύ
706 3865 767 3966 *),
796 3894 870 3940 non
897 3885 1013 3941 ortum
1036 3896 1150 3942 essea
1200 3915 1255 3986 No
1283 3913 1384 3987 4¹70

141 3967 289 4045 ,Carolo
307 3969 415 4062 lmp.,
439 3972 500 4040 sed
516 3986 634 4062 poetas
646 3995 719 4041 esse
737 3994 815 4051 eos,
843 3995 932 4064 quos
948 3973 1097 4042 obscure
1116 3986 1152 4043 et
1206 3968 1395 4041 »im-⁶

160 4085 279 4163 aperte
291 4095 394 4161 saepe
416 4072 556 4155 indico,
583 4074 645 4165 qui
668 4086 792 4162 putant
808 4073 963 4142 inveniri
978 4096 1077 4163 posse
1101 4073 1150 4142 si-

159 4173 261 4242 miles
273 4166 470 4264 διαθήκας,
486 4185 525 4241 ut
540 4188 624 4244 sunt
641 4174 722 4242 illae
735 4168 1044 4265 Aristophanicae,
1058 4168 1151 4268 μήτε

161 4266 312 4346 δάκνειν
334 4268 425 4365 μήτε
448 4266 667 4346 δάκνεσθαι.
726 4269 891 4364 Optarim
923 4289 957 4345 et
979 4300 1042 4365 ego
1067 4299 1149 4345 vera

159 4373 348 4444 autoritate
371 4375 509 4444 consuli
530 4372 722 4458 Ecclesiae,
757 4399 822 4446 nec
843 4377 960 4445 iudico
982 4377 1149 4446 omnibus

118 4504 122 4510 ’
161 4475 207 4541 de
221 4475 325 4543 rebus
340 4478 569 4566 pugnandam
584 4500 678 4563 esse,
703 4478 845 4568 quaein
860 4472 924 4545 hac
941 4479 1147 4548 contusione

159 4573 440 4664 disputationum
463 4591 578 4647 motae
600 4590 694 4648 sunt·
756 4576 826 4648 Sed
848 4592 965 4648 tamen
991 4578 1148 4665 retineri,

158 4687 199 4744 nt
213 4672 346 4745 Paulus
362 4677 522 4747 nominat
542 4674 610 4749 τὸν
620 4673 795 4770 θεμέλιον
810 4673 1052 4760 διδασκαλίας
1066 4683 1148 4772 περὶ

160 4773 274 4860 θεοῦ,
300 4769 364 4848 καί
376 4773 463 4848 υἱοῦ
478 4775 613 4864 αὐτοῦ,
640 4775 704 4851 καὶ
727 4777 947 4878 εὐεργεσιῶν
960 4776 1070 4852 ἰδίων
1084 4786 1149 4874 τῆς

65 4937 70 4943 .
159 4871 368 4970 ἐκκλησίας,
397 4901 533 4947 necesse
547 4892 609 4952 eat.
662 4879 703 4949 ln
717 4879 903 4951 Britannia
921 4882 1147 4952 deliberatio-

158 5000 222 5046 nes
240 4992 325 5050 sunt
337 4983 381 5047 de
394 4979 572 5065 doctrina,
594 4983 750 5069 prolecto
766 4981 936 5052 difficiles.
975 4981 1045 5053 Sed
1062 4978 1147 5054 haec

157 5101 287 5152 coram.
337 5078 558 5170 Principium
574 5075 760 5168 historiae,
785 5107 891 5177 quarn
911 5083 985 5154 edit
1000 5077 1147 5154 Pontus

184 5328 214 5401 *l
233 5330 355 5386 Interim
368 5330 399 5389 C.
411 5330 470 5392 W.

749 196 1189 317 arrsrosaauu
1247 187 1441 282 tra.xt
1492 198 1628 281 asts.-
1743 157 1747 163 ’

2149 192 2228 274 811

1209 387 1348 456 noster,
1374 376 1440 446 tibi
1458 389 1493 447 et
1510 371 1642 469 h'ospiti
1658 364 1721 444 tuo
1735 374 1850 449 mitto.
1906 371 2056 448 Caetera
2071 386 2223 455 cerami

1207 474 1305 546 Bene
1322 476 1417 561 vale,
1441 476 1501 546 die
1516 479 1619 549 verni
1636 475 1862 571 aequinoctii.

1866 633 1961 712 Phil.
1977 631 2167 710 Melanch.

1555 1195 1611 1284 N.
1640 1192 1853 1283 Medlero.

1281 1360 1324 1418 Ea
1336 1361 1491 1433 apographo
1509 1359 1538 1415 ln
1555 1358 1619 1416 eod.
1634 1357 1730 1413 Barari
1746 1355 1808 1412 Vol.
1821 1358 1844 1413 l.
1861 1375 1890 1428 p.
1903 1353 1980 1413 tots.
2003 1358 2093 1416 editas
2106 1361 2207 1418 Dana.

1310 1449 1372 1504 epp.
1385 1433 1419 1486 ad
1434 1428 1518 1485 ltledl.
1531 1448 1575 1502 ep.
1583 1428 1629 1482 78.
1665 1424 1745 1482 Nune
1759 1445 1790 1480 er
1804 1426 1901 1479 eodem
1913 1439 2039 1481 aewnte
2052 1430 2198 1503 dueripta.

1327 1585 1441 1664 Dom.
1458 1584 1620 1658 Doctori
1632 1579 2083 1661 NicoIooMedtero.

1207 1699 1252 1791 S.
1281 1721 1328 1799 D.
1379 1722 1589 1795 Reverende
1612 1721 1668 1791 vir
1690 1735 1725 1791 et
1747 1720 1859 1790 amice
1875 1715 2111 1812 carissime¹).
2160 1718 2222 1793 ln·

1208 1838 1384 1895 conventu
1393 1821 1599 1914 Augustano
1611 1822 1771 1893 instituta
1789 1836 1840 1891 est
1853 1820 2066 1893 deliberatio
2085 1814 2207 1889 deEr-

1209 1924 1348 2011 clesiis,
1369 1924 1485 2020 qualis
1508 1949 1582 1993 esse
1596 1926 1720 1994 debeat
1739 1937 1849 1993 status
1862 1918 2107 1992 Ecclesiamm
2123 1916 2148 1988 1
2156 1943 2208 1988 ιι-

1210 2028 1361 2107 terim,
1387 2023 1454 2123 (sic
1475 2025 1568 2095 enim
1596 2025 1647 2094 ibi
1670 2023 1883 2117 loquuntur)
1905 2025 2020 2094 donec
2047 2024 2205 2116 synodus

1141 2158 1144 2163 ⁴
1209 2127 1493 2216 pronuntiaverit
1512 2128 1555 2194 (le
1578 2126 1756 2211 doctrina3
1790 2139 1963 2194 ettamen
1987 2124 2043 2194 ibi
2070 2123 2204 2194 iaciunt

1209 2228 1477 2319 praeiudicium.
1503 2225 1625 2318 Nuper
1640 2227 1762 2314 ingens
1780 2241 1955 2295 certamen
1970 2226 2041 2295 luit
2059 2226 2105 2293 de
2119 2248 2202 2294 con·

1207 2331 1401 2401 secretione
1424 2329 1506 2420 salis
1530 2343 1564 2398 et
1584 2353 1707 2421 aquae.
1761 2327 1848 2397 lnde
1872 2328 2077 2405 existimare
2098 2338 2205 2417 potes,

1209 2432 1294 2522 quid
1312 2432 1385 2523 spei
1403 2430 1448 2500 sit
1462 2433 1506 2499 de
1521 2429 1680 2499 articulis
1696 2428 1929 2517 gravioribus.
1982 2426 2059 2500 Ubi
2084 2427 2204 2519 prola-

1208 2543 1284 2600 tum
1300 2533 1407 2602 tuerit
1426 2531 1513 2601 illud
1535 2528 1698 2609 Interim,
1725 2530 1790 2601 erit
1806 2532 1910 2598 nobis
1924 2529 2100 2599 omnibus
2114 2552 2201 2618 opus

1208 2633 1464 2705 deliberatione
1478 2628 1708 2703 ‹leEcclesiis.
1761 2630 1814 2700 Te
1830 2656 1913 2714 oro,
1938 2645 1978 2700 ut
1994 2625 2200 2721 mihiquem

1207 2734 1363 2822 primum
1388 2732 1580 2823 significes,
1608 2732 1778 2824 quicquid
1799 2727 1929 2826 istac¹)
1951 2733 1994 2800 de
2020 2731 2202 2820 republica

1208 2846 1241 2903 et
1259 2832 1443 2904 Saxonicis
1466 2834 1622 2902 motibus
1640 2833 1810 2924 explorati
1832 2829 1949 2901 hahes.
2000 2830 2133 2899 Nescio
2160 2854 2203 2898 an

1208 2930 1353 3005 historia
1385 2937 1429 3004 de
1455 2935 1527 3002 lilio
1560 2933 1733 3023 pontilicis
1759 2948 1861 3002 antea
1885 2935 1929 3000 acl
1951 2949 1985 3001 te
2011 2933 2123 3000 missa
2151 2933 2205 3000 sit.

1205 3033 1311 3105 Nunc
1328 3036 1431 3112 mitto
1448 3049 1480 3103 et
1495 3058 1624 3126 quaeso
1641 3047 1679 3103 ut
1694 3035 1823 3103 scribas
1838 3026 2104 3124 saepissime*).
2139 3031 2203 3102 Be·

1206 3160 1251 3205 ne
1271 3138 1358 3205 vale.
1408 3134 1476 3205 Die
1493 3135 1593 3204 verni
1609 3135 1823 3226 aequinoctii
1837 3159 1931 3202 anno
1954 3133 2070 3208 1548.

1304 3235 1358 3306 De
1389 3236 1528 3325 negotio
1556 3236 1803 3324 viri,nobilis,
1837 3237 1880 3303 de
1908 3260 1982 3328 quo
2020 3234 2201 3327 scripsisti,

1204 3362 1306 3428 spero
1324 3352 1356 3407 te
1373 3339 1491 3410 literas
1509 3332 1645 3407 nostras
1661 3337 1831 3428 accepisse
1840 3329 1911 3430 ⁴⁴).

1812 3535 1904 3612 Phil.
1922 3488 2154 3610 ¹Melanthum

2121 3776 2194 3786 ..—

2029 3927 2194 4001 nequinont.

2023 4008 2191 4037 Μ

1483 4100 1538 4180 Η.
1562 4096 1921 4211 Bonmgartnero.

1269 4257 1356 4328 Epist.
1371 4256 1419 4312 lib.
1435 4255 1481 4312 Vl.
1497 4277 1523 4330 p.
1538 4259 1586 4314 tta
1597 4277 1640 4328 sq.
1675 4258 1786 4314 Contuli
1800 4254 1992 4351 autographon
2009 4254 2039 4309 in
2054 4251 2120 4310 eorl.
2136 4251 2196 4306 Mo·

1301 4344 1361 4381 nar.
1375 4345 1402 4398 p.
1416 4325 1473 4380 122
1596 4366 1599 4370 Δ

1204 4469 1412 4484 Q

1235 4555 1263 4622 l)
1281 4553 1462 4611 praetermisit
1474 4557 1540 4623 haee
1553 4556 1640 4611 Dans.

1231 4658 1262 4714 21
1280 4659 1369 4713 Dans.
1386 4657 1497 4712 mutarit
1511 4656 1557 4710 in:
1575 4658 1644 4711 r'stis.

1229 4761 1259 4830 ⁸¹)
1274 4757 1487 4841 „D.10.Sepsb3
1498 4759 1572 4812 1547.
1585 4754 1680 4811 Petrus
1694 4755 1827 4839 hloiaiua,
1840 4753 1917 4811 Pauli
1931 4754 2007 4809 tertii
2023 4754 2116 4824 filins,
2132 4756 2190 4811 Pla·

1240 4892 1243 4898 .
1266 4828 1394 4900 „sentiae
1413 4828 1488 4881 donn
1509 4847 1571 4881 suae
1591 4825 1761 4892 confoditur,
1777 4837 1804 4878 et
1819 4823 1900 4896 paulo
1915 4834 1979 4893 post
1999 4823 2192 4879 Ferdinandos

1265 4894 1432 4977 „Gonssgm
1450 4896 1571 4951 Caesaris
1588 4913 1637 4965 per
1652 4893 1802 4948 insubriam
1821 4891 1974 4964 praelectus
1990 4889 2093 4946 urbem
2109 4911 2192 4948 oren·

1264 4974 1344 5036 „pat
1369 4964 1432 5019 tuus
1443 4965 1481 5018 rei
1495 4964 1609 5018 nuncius
1623 4961 1693 5043 intra
1709 4981 1808 5030 paucos
1820 4962 1876 5015 dies
1909 4961 2020 5017 ervenit
2029 4965 2193 5033 Augustam,

1264 5041 1318 5114 „et
1329 5053 1358 5085 er
1370 5051 1403 5085 eo
1412 5069 1422 5103 ,
1432 5032 1513 5115 3⁰9⁶.
1528 5032 1632 5111 Cassan
1646 5030 1805 5115 nupciatum
1819 5050 1875 5110 esse
1889 4980 2037 5113 dicebant,
2058 5045 2190 5083 commn-

1264 5113 1379 5241 :tttt
1399 5100 2191 5249 ''tt'tt't''t.ttt‘t„tiftttlt'ttt‘ttttttttt

1263 5256 1352 5310 „nem
1367 5237 1440 5290 Petra
1457 5239 1560 5291 aloisii.
1568 5237 1585 5258 ”
1621 5237 1692 5291 llaec
1705 5236 1846 5290 Slesdanus
1859 5237 1888 5289 in
1902 5245 2057 5294 comment.
2075 5256 2103 5310 p.
2115 5235 2176 5291 ⁵9².

1229 5337 1278 5412 ¹¹²⁸)
1296 5337 1360 5399 vid.
1374 5339 1495 5412 suprad.
1512 5339 1552 5395 16.
1563 5337 1642 5392 Febr.
