4748 6022
236 206 311 280 203
683 248 687 253 -
814 180 1253 264 EPISTOLARUM
1306 183 1416 259 LlB.
1449 184 1517 264 X.
1549 182 1697 261 1616.Ι
2198 187 2279 262 204

247 392 387 461 nostro,
411 396 517 468 quem
532 395 596 462 pro
612 392 669 438 me
684 367 741 458 pie
758 366 918 448 invoces,
944 387 983 432 ac
998 384 1054 429 me
1070 359 1135 429 tibi
1153 381 1236 450 per·
1386 356 1477 430 Cum
1495 372 1613 430 autern
1628 353 1686 426 his
1701 356 1827 428 diebus
1842 371 1965 427 contra
1982 379 2058 425 eam
2074 355 2188 447 legem
2202 356 2282 428 dis-

247 496 353 573 petuo
379 476 661 546 commendatum
685 465 826 539 habeas.
888 463 999 535 Datae
1022 462 1173 553 raptim,
1198 459 1236 527 in
1287 461 1428 530 cesserit
1442 460 1485 532 N.
1504 485 1567 529 nec
1591 460 1736 529 solverit
1760 460 1825 543 iis,
1850 460 1979 550 quibus
1998 460 2118 542 debet,
2145 459 2284 547 relega-

249 580 369 670 vigilia
386 575 590 659 Trinitatis,
616 569 742 654 Anno,
768 565 904 640 etc-46.
1288 587 1366 631 mus
1388 586 1468 630 cum
1491 564 1534 630 de
1557 561 1730 631 sententia
1753 560 1893 629 consilii
1915 561 2026 627 nostri
2049 583 2089 626 ex
2106 555 2171 629 hac
2190 560 2284 629 Aca-

1290 665 1423 747 demia,
1455 675 1496 731 ut
1523 663 1614 731 absit
1639 657 1723 730 hinc
1749 661 1954 732 triennium.
2019 658 2098 728 Hoc
2119 661 2283 751 exemplo

251 769 1241 804 ......-.------------
1291 764 1558 833 commonefacti
1578 763 1706 832 caeteri
1728 763 1859 830 maiore
1883 762 1952 829 fide
1976 773 2151 850 praestent
2178 760 2286 830 iusti-

269 919 324 989 ΝΟ
351 911 463 986 3517·
910 852 915 859 .
1107 898 1241 971 mm·
1291 868 1377 936 tiam
1401 878 1436 934 et
1455 864 1523 933 alia
1544 858 1692 935 honesta
1717 863 1842 938 officia.
1898 859 2011 931 Datae
2036 859 2093 929 die
2114 862 2178 934 20.
2198 860 2286 933 lulii

256 1014 467 1049 Μ
869 1020 872 1025 <
1106 997 1242 1025 w»
1292 991 1387 1038 anno
1412 961 1521 1038 1546.

602 1073 901 1160 Scholasticis.

321 1248 360 1301 Ex
372 1243 486 1366 Scriptis
501 1239 615 1314 publicis
630 1236 767 1303 Viteberg.
785 1233 818 1286 T.
832 1231 853 1286 Ι.
872 1250 899 1304 p·
917 1229 1001 1283 1721».
1023 1257 1053 1273 -
1082 1229 1243 1286 Melantho.

357 1334 418 1370 nem
457 1331 492 1364 oc
510 1311 626 1363 edictum
646 1302 853 1373 conscripsisse,
877 1301 922 1353 vix
941 1301 1053 1353 dubium
1072 1309 1122 1354 est.
1159 1298 1244 1356 Cant.

359 1387 439 1437 etiam
455 1380 530 1450 epist.
545 1378 577 1430 ad
593 1375 823 1441 Seidernaunum,
841 1387 909 1439 quae
922 1371 1052 1438 sequitur.
1305 1388 1373 1462 No.
1388 1386 1498 1460 35¹8⁸

1299 1220 1475 1231 -.------

1301 1487 1513 1522 Μ

256 1540 390 1617 Rector
403 1525 693 1608 Academiaest.
708 1524 737 1598 I
743 1522 949 1597 ohannes
969 1520 1247 1607 Marcellus

258 1682 410 1766 Durate
433 1695 464 1757 et
482 1689 611 1753 vosmet
629 1675 733 1747 rebus
749 1681 886 1744 servate
900 1666 1078 1741 secundis.
1129 1670 1247 1759 Quam

259 1803 302 1868 ad
319 1818 414 1885 spem
429 1812 503 1858 non
518 1799 655 1856 tantum
670 1775 835 1848 humanis
849 1774 1047 1842 rationibus
1060 1773 1247 1861 erigamur,

261 1901 320 1967 scd
335 1898 378 1963 iis
392 1884 704 1963 consolationibus,
721 1900 808 1969 quas
816 1875 913 1945 Deus
926 1875 1120 1964 proposuit.
1146 1874 1248 1944 Sem-

262 2023 325 2092 per
347 1998 509 2072 luerunt,
534 1998 617 2054 suut
635 1996 669 2050 et
685 1991 789 2048 erunt
807 1977 925 2064 magni
945 1977 1118 2043 tumultus
1137 1976 1249 2065 impe-

262 2103 416 2177 riorum,
442 2092 527 2159 alias
549 2084 645 2154 alibi.
697 2078 795 2149 lnter
811 2072 874 2145 has
890 2090 924 2145 et
938 2072 1097 2145 Ecclesia
1113 2078 1250 2145 duriter

263 2209 463 2296 quassatur,
496 2211 602 2281 quam
631 2199 749 2252 tamen
765 2178 982 2247 ¹mirabiliter
1006 2191 1123 2247 servat
1145 2175 1252 2259 Deus,
1299 2162 1342 2253 S.
1369 2177 1413 2250 D.
1465 2177 1620 2268 Fingant
1638 2178 1701 2247 alii
1724 2200 1845 2247 causas
1864 2177 1951 2246 belli
1970 2191 2010 2248 ut
2029 2179 2174 2265 volunt,
2197 2175 2291 2253 hanc

262 2318 303 2373 ut
325 2294 477 2369 servavit
494 2302 642 2359 stantem
657 2285 750 2352 inter
764 2303 935 2372 aquarum
952 2292 1090 2347 montes
1106 2279 1143 2345 in
1161 2277 1251 2346 mari
1300 2281 1414 2372 praeci
1420 2304 1524 2371 puam
1541 2303 1613 2349 esse
1628 2304 1701 2348 non
1716 2279 1868 2349 dubium
1882 2292 1944 2365 est,
1970 2303 2062 2372 quae
2075 2281 2235 2375 pingitur
2250 2281 2289 2350 in

263 2405 384 2473 rubro.
435 2392 525 2463 Cum
547 2390 654 2477 igitur
670 2399 803 2453 certum
821 2382 887 2462 sit,
913 2402 1094 2447 mansuras
1109 2402 1182 2447 esse
1196 2402 1251 2446 re·
1303 2384 1451 2452 lectione
1483 2378 1656 2450 hodierna
1691 2379 1890 2468 Evangelii.
1949 2379 2050 2451 Sicut
2083 2377 2291 2452 Pharisaeus

265 2502 392 2594 liqnias
417 2490 593 2564 Ecclesiae
617 2483 705 2566 Dei,
740 2496 773 2551 et
802 2480 944 2573 quidem
976 2480 1027 2547 ibi
1057 2501 1252 2562 mansuras,
1303 2485 1437 2553 fastidit
1453 2480 1634 2552 Christum
1652 2505 1732 2551 cum
1747 2481 1956 2551 muliercula
1974 2481 2049 2550 eius
2066 2485 2170 2574 pedes
2184 2485 2291 2552 blan-

265 2604 469 2688 nbicunque
499 2587 641 2659 sonabit
671 2608 737 2652 vox
764 2579 970 2670 Evangelii,
1006 2594 1040 2649 et
1071 2582 1252 2651 doctrinae
1304 2585 1445 2653 dissime
1462 2584 1639 2653 osculatur
1655 2596 1688 2652 et
1704 2583 1820 2672 ungit:
1846 2583 1896 2653 ita
1909 2595 1944 2653 et
1958 2598 2099 2653 nostros
2111 2583 2292 2675 principes

266 2703 382 2777 studia
412 2706 534 2774 erunt,
567 2712 640 2756 non
668 2684 875 2753 abiiciamus
901 2682 1038 2759 literas,
1072 2706 1136 2750 ncc
1162 2678 1253 2750 lianc
1304 2686 1374 2755 iam
1390 2688 1543 2755 oderunt
1556 2680 1759 2779 hypocritae
1774 2685 1961 2776 praecipue
1973 2685 2020 2754 ob
2032 2679 2124 2753 hanc
2137 2707 2293 2770 causam,

266 2817 423 2878 nostram
449 2792 611 2863 militiam
635 2789 853 2866 deseramus,
887 2786 945 2850 sed
971 2785 1066 2851 bona
1092 2808 1171 2853 cum
1194 2806 1254 2873 spe
1305 2789 1400 2882 quod
1432 2788 1617 2857 veritatem
1639 2809 1798 2855 amamus
1820 2800 1856 2856 et
1876 2781 2011 2856 Christi
2032 2788 2137 2876 pedes
2160 2785 2293 2855 nostris

265 2906 458 2980 serviamus
472 2894 571 2977 Deo,
596 2889 701 2959 etiam
721 2886 815 2954 inter
832 2907 930 2953 arma
946 2896 979 2952 et
994 2884 1088 2952 inter
1101 2885 1254 2957 classica.
1305 2889 1469 2982 lacrymis
1494 2888 1662 2957 lavamus.
1721 2885 1809 2958 Sum
1831 2887 1870 2954 in
1887 2881 1924 2982 ³)
1947 2887 2140 2980 tranquillo
2165 2887 2293 2971 animo,

267 3009 481 3080 Misceamns
496 3005 613 3063 autem
629 2987 754 3058 studiis
770 2985 919 3075 gemitus
935 2997 970 3054 et
984 2998 1076 3069 vola,
1103 3000 1137 3055 et
1150 2986 1254 3054 nobis
1306 3004 1340 3060 et
1357 3014 1459 3081 spero
1475 2989 1689 3058 mediocrem
1701 2988 1831 3058 exitum
1847 2988 1953 3073 belli,
1978 3003 2013 3059 et
2029 3004 2121 3068 turn,
2143 2985 2219 3057 Deo
2236 2987 2293 3057 iu-

267 3108 358 3179 hanc
374 3101 440 3172 Dei
457 3118 578 3165 vocem
594 3089 825 3159 inculcemus:
855 3083 1107 3154 convertimini
1121 3082 1175 3155 ad
1188 3109 1255 3171 me,
1306 3105 1421 3174 vante,
1446 3091 1607 3160 animum
1624 3091 1668 3159 ad
1684 3114 1807 3159 omnes
1818 3113 1917 3160 casus
1932 3091 2097 3160 ferendos
2113 3111 2294 3181 praeparo.

268 3221 301 3282 ct
318 3228 382 3301 ego
396 3204 582 3271 conterius
597 3185 651 3261 ad
665 3212 735 3260 005·
1307 3191 1474 3261 Nondum
1490 3191 1702 3261 discedimus
1718 3185 1820 3275 hinc,
1842 3205 1877 3260 et
1890 3187 2007 3261 adhuc
2023 3192 2208 3260 mediocris
2225 3190 2295 3258 irc-

368 3303 544 3375 Duximsss
559 3297 675 3386 itaque
692 3289 792 3358 ‘'⁰1³ss
808 3287 1076 3375 significandum
1095 3310 1185 3368 0⁵⁸0,
1212 3290 1255 3358 de
1307 3294 1451 3385 quentia
1478 3307 1531 3363 est
1557 3306 1591 3362 et
1619 3293 1868 3384 tranquillitas.
1925 3290 2035 3379 Quod
2057 3316 2140 3360 vero
2162 3293 2296 3361 abeunt

269 3406 480 3499 migratione
510 3409 629 3465 nostra
654 3387 746 3460 nilril
770 3386 939 3458 hactenus
965 3391 1144 3460 decretum
1171 3414 1256 3473 esse,
1308 3394 1412 3463 multi
1434 3408 1590 3464 autnon
1613 3393 1762 3464 studiosi
1786 3406 1848 3463 aut
1869 3416 1943 3461 non
1958 3393 2119 3462 instructi
2136 3391 2299 3482 pecunia,

272 3531 406 3601 nosque
423 3502 600 3586 deinceps,
620 3495 732 3561 donec
746 3489 841 3559 Deus
856 3493 1036 3574 concedet,
1063 3487 1119 3559 hic
1134 3515 1256 3583 operas
1308 3497 1347 3565 fit
1361 3497 1468 3565 etiam
1484 3518 1540 3563 me
1554 3488 1727 3562 hortante.
1766 3491 1988 3561 lubeastorti
2004 3492 2122 3559 animo
2139 3515 2212 3559 esse
2228 3518 2298 3561 no-

272 3606 495 3684 scholasticas
507 3600 658 3667 facturos
674 3615 758 3663 esse.
794 3589 868 3660 Nec
884 3603 1001 3659 tamen
1018 3587 1258 3681 prohibemus,
1309 3611 1400 3667 stros
1414 3595 1557 3677 amicos,
1575 3592 1621 3665 D.
1637 3586 1912 3676 Sebastianum,
1937 3589 1982 3661 D.
1995 3584 2228 3684 Philippum,
2249 3590 2299 3666 D.

196 3785 203 3793 ,
272 3739 344 3810 quo
360 3707 480 3778 minus
493 3698 685 3777 discedant,
708 3693 736 3760 si
754 3692 815 3783 qui
831 3693 968 3761 malunt
983 3693 1070 3762 alibi
1085 3717 1158 3762 esse
1169 3718 1258 3786 qua-
1309 3691 1541 3766 Martinam.
1590 3690 1698 3763 Mitto
1721 3693 1823 3762 vobis
1837 3692 2019 3777 libellum,
2044 3692 2105 3784 qui
2123 3691 2234 3778 magis
2251 3695 2300 3762 ad

273 3832 411 3904 cunque
437 3807 479 3873 de
500 3823 613 3871 cansa.
666 3794 742 3862 lllis
761 3818 845 3861 vcro
864 3793 1258 3886 quiadsuntpraecipi-
1310 3798 1544 3867 consolandos
1559 3793 1636 3885 pios
1651 3793 1802 3884 scriptus
1818 3807 1880 3880 est,
1901 3818 2007 3886 quam
2023 3806 2065 3863 ut
2083 3794 2126 3859 de
2138 3791 2299 3861 Triden-

273 3938 369 3996 mus;
405 3922 444 3978 ut
464 3904 534 3973 sint
556 3895 748 3974 moderati,
775 3918 848 3963 non
869 3895 983 3963 solum
1002 3909 1043 3965 ut
1058 3899 1144 3965 urbs
1160 3910 1259 3965 tran·
1290 3899 1385 3969 ¹tina
1408 3898 1543 3990 synodo
1567 3895 1678 3966 multa
1702 3895 1875 3986 disputet,
1901 3919 1990 3987 quae
2012 3918 2087 3963 non
2110 3906 2161 3963 est
2174 3888 2300 3963 Eccle-

272 4014 421 4112 quillior
436 4008 491 4087 sit,
512 4002 610 4075 cuius
627 3999 678 4066 rei
694 4012 812 4067 tamen
828 3990 990 4064 habenda
1006 4011 1056 4065 est
1071 3998 1173 4081 ratio,
1199 4000 1259 4066 sed
1310 4002 1380 4068 siae
1404 3997 1613 4079 concilium,
1645 3998 1707 4065 sed
1734 3992 1855 4095 ἀγορὰ
1882 3989 2084 4091 κερκόπων.
2143 3992 2242 4063 Bene
2264 4008 2300 4064 et

272 4120 385 4190 nrnlto
408 4105 537 4195 magis,
563 4113 602 4169 ut
626 4098 859 4189 poenitentiae
875 4096 1165 4185 significationem
1183 4123 1259 4166 mo·
1311 4100 1457 4172 feliciter
1477 4100 1567 4173 vale.
1597 4095 1706 4173 1546.
2264 4106 2272 4123 ³

273 4222 383 4291 destia
399 4230 540 4280 morum
555 4201 727 4271 ostendat.
2100 4193 2166 4270 ph·
2192 4192 2249 4265 M,

375 4314 465 4385 Nam
487 4328 569 4388 eos,
599 4302 661 4394 qui
686 4322 760 4367 non
783 4321 864 4365 vere
885 4299 1072 4369 nobiscum
1093 4300 1259 4370 invocant

1595 1589 1656 1674 M.
1683 1585 1984 1672 Seidemanno.

1365 1754 1388 1824 †
1405 1753 1442 1808 Er
1455 1770 1551 1825 apogr.
1564 1752 1593 1807 in
1606 1751 1668 1808 cod.
1682 1750 1765 1807 Goth.
1778 1750 1842 1807 ³99.
1853 1768 1880 1822 p.
1895 1749 1953 1806 194.

1298 1919 1523 2001 Clarissimo
1558 1923 1635 1995 viro
1668 1920 1837 1997 doctrina
1871 1932 1902 1994 et
1929 1922 2057 1995 virtute
2079 1928 2292 2023 praestanti

1413 2027 1469 2101 D.
1496 2023 1716 2098 Martino
1742 2021 2087 2121 Seydcmanno,
2112 2037 2172 2105 etc.

50 4424 54 4433 '
122 4428 126 4435 '
182 4481 187 4487 .
273 4422 409 4500 Deum,
434 4434 499 4481 nec
520 4401 758 4498 poenitentiae
778 4399 892 4468 officia
908 4415 1051 4485 curant,
1075 4402 1260 4471 mallemus

275 4519 399 4615 procul
427 4539 445 4582 a
477 4509 581 4579 nohis
607 4507 745 4585 abesse,
778 4523 883 4592 quam
906 4500 1000 4570 inter
1026 4525 1091 4571 nos
1115 4504 1259 4576 versari.

276 4624 352 4695 ntis
382 4638 486 4695 sero,
517 4609 582 4703 qui
611 4602 794 4675 discessuri
821 4614 920 4679 sunt.
952 4604 1174 4685 mandamus,
1207 4617 1261 4687 ut,
1311 4629 1378 4703 No·
1394 4618 1507 4701 5519,

276 4723 373 4819 qrrod
396 4718 527 4785 iustum
549 4722 617 4791 est,
646 4703 860 4775 satisfaciant
880 4702 943 4784 iis,
968 4703 1099 4795 quibus
1120 4705 1261 4777 debent.
1318 4721 1490 4756 Ὁ*

276 4826 331 4898 De
350 4815 523 4890 locatione
545 4810 650 4880 etiam
672 4807 784 4875 sciant
798 4826 943 4886 omnes,
972 4805 1034 4895 qui
1052 4828 1125 4873 non
1143 4819 1261 4875 extru-
1604 4820 1666 4905 M·
1698 4820 2005 4935 Mepenburgm

276 4933 431 5002 duntur,
456 4918 515 4984 sed
533 4935 593 4980 sua
611 4919 735 4998 sponte
751 4906 924 5003 migrant,¹
944 4906 1152 4996 pensionem
1170 4907 1263 4976 inte-

277 5050 374 5119 gram
387 5042 452 5113 pro
468 5008 625 5086 semestri
645 5008 780 5076 solvere
797 5008 939 5075 debere.

378 5124 561 5195 Postremo
584 5112 812 5178 admonemus
826 5128 888 5175 vos
902 5109 1034 5177 decreti
1049 5110 1194 5192 veteris,
1218 5111 1263 5178 de
1324 5144 1544 5155 —--·-

277 5254 385 5301 nervo
408 5211 663 5292 iurisdictionis
686 5220 842 5286 nostrae,
874 5230 919 5275 nc
944 5210 1023 5301 quis
1044 5211 1200 5281 discedat
1221 5234 1262 5279 ex

278 5324 480 5401 vadimonio
496 5338 558 5385 scu
575 5318 708 5391 aresta,
733 5322 772 5375 ut
790 5320 925 5377 vocant.
1383 5334 1559 5390 mammon,
1583 5332 1712 5388 Sum?

1381 4983 1465 5057 Epist.
1482 4984 1530 5039 lib.
1543 4986 1622 5058 V.·p.
1636 4984 1698 5040 706.
1738 4986 1743 4999 '
1772 5038 1777 5048 ,

1349 5265 1378 5335 ¹⁸¹)
1397 5268 1426 5318 tn
1437 5264 1547 5336 quidem
1562 5264 1642 5319 habet
1656 5266 1729 5330 cod..
1742 5262 1788 5320 sed
1803 5262 1861 5318 sine
1878 5260 1961 5318 dubio
1976 5282 2006 5317 ex
2020 5264 2129 5319 mendo.
2159 5252 2308 5334 Scripsiine
