<?xml version="1.0" encoding="UTF-8"?>
<!DOCTYPE html PUBLIC "-//W3C//DTD XHTML 1.0 Transitional//EN"
    "http://www.w3.org/TR/xhtml1/DTD/xhtml1-transitional.dtd">
<html xmlns="http://www.w3.org/1999/xhtml" xml:lang="en" lang="en">
 <head>
  <title>
</title>
<meta http-equiv="Content-Type" content="text/html;charset=utf-8" />
  <meta name='ocr-system' content='tesseract 3.04.00' />
  <meta name='ocr-capabilities' content='ocr_page ocr_carea ocr_par ocr_line ocrx_word'/>
</head>
<body>
  <div class='ocr_page' id='page_1' title='image "./philippimelanth15melagoog/philippimelanth15melagoog_0148.png"; bbox 0 0 4748 6022; ppageno 0'>
   <div class='ocr_carea' id='block_1_1' title="bbox 61 197 2105 290">
    <p class='ocr_par' dir='ltr' id='par_1_1' title="bbox 61 197 2105 290">
     <span class='ocr_line' id='line_1_1' title="bbox 61 197 2105 290; baseline 0.004 -14"><span class='ocrx_word' id='word_1_1' title='bbox 61 199 142 276; x_wconf 80' lang='lat'>249</span> <span class='ocrx_word' id='word_1_2' title='bbox 647 197 1088 278; x_wconf 77' lang='lat' dir='ltr'>EPISTOLARUM</span> <span class='ocrx_word' id='word_1_3' title='bbox 1141 203 1251 277; x_wconf 85' lang='lat' dir='ltr'>LlB.</span> <span class='ocrx_word' id='word_1_4' title='bbox 1285 203 1333 282; x_wconf 86' lang='lat' dir='ltr'>X.</span> <span class='ocrx_word' id='word_1_5' title='bbox 1385 205 1517 281; x_wconf 81' lang='lat' dir='ltr'>rata.</span> <span class='ocrx_word' id='word_1_6' title='bbox 2027 212 2105 290; x_wconf 75' lang='lat'>250</span> 
     </span>
    </p>
   </div>
   <div class='ocr_carea' id='block_1_2' title="bbox 87 363 2103 758">
    <p class='ocr_par' dir='ltr' id='par_1_2' title="bbox 164 363 2103 578">
     <span class='ocr_line' id='line_1_2' title="bbox 164 363 2103 494; baseline 0.021 -80"><span class='ocrx_word' id='word_1_7' title='bbox 164 363 891 494; x_wconf 47' lang='lat' dir='ltr'>{q‚qeiffipotqqoecosrpppltpedqeqpttqqqiqtriolippcarei2se</span> <span class='ocrx_word' id='word_1_8' title='bbox 905 368 974 426; x_wconf 73' lang='lat' dir='ltr'>Met.</span> <span class='ocrx_word' id='word_1_9' title='bbox 988 367 1061 490; x_wconf 49' lang='lat' dir='ltr'>“llll</span> <span class='ocrx_word' id='word_1_10' title='bbox 1112 374 1248 445; x_wconf 90' lang='lat' dir='ltr'>utinam</span> <span class='ocrx_word' id='word_1_11' title='bbox 1262 373 1359 447; x_wconf 89' lang='lat' dir='ltr'>Deus</span> <span class='ocrx_word' id='word_1_12' title='bbox 1377 379 1481 448; x_wconf 90' lang='lat' dir='ltr'>nobis</span> <span class='ocrx_word' id='word_1_13' title='bbox 1500 380 1690 449; x_wconf 89' lang='lat' dir='ltr'>clementer</span> <span class='ocrx_word' id='word_1_14' title='bbox 1705 382 1883 458; x_wconf 88' lang='lat' dir='ltr'>concedat.</span> <span class='ocrx_word' id='word_1_15' title='bbox 1919 381 2011 454; x_wconf 90' lang='lat' dir='ltr'>Nam</span> <span class='ocrx_word' id='word_1_16' title='bbox 2030 397 2103 456; x_wconf 86' lang='lat' dir='ltr'>tar-</span> 
     </span>
     <span class='ocr_line' id='line_1_3' title="bbox 169 457 2101 578; baseline 0.013 -47"><span class='ocrx_word' id='word_1_17' title='bbox 169 513 252 560; x_wconf 77' lang='lat' dir='ltr'>caret.</span> <span class='ocrx_word' id='word_1_18' title='bbox 295 509 305 519; x_wconf 84' lang='lat'>.</span> <span class='ocrx_word' id='word_1_19' title='bbox 693 478 701 495; x_wconf 77' lang='lat'><em>⁶</em></span> <span class='ocrx_word' id='word_1_20' title='bbox 843 458 859 510; x_wconf 66' lang='grc' dir='ltr'>Ρ</span> <span class='ocrx_word' id='word_1_21' title='bbox 874 457 936 492; x_wconf 73' lang='lat'>&#39;⁰¹¹⁶</span> <span class='ocrx_word' id='word_1_22' title='bbox 971 457 1061 494; x_wconf 59' lang='grc' dir='ltr'>’Μ’</span> <span class='ocrx_word' id='word_1_23' title='bbox 1110 476 1201 548; x_wconf 84' lang='lat' dir='ltr'>ditas</span> <span class='ocrx_word' id='word_1_24' title='bbox 1215 492 1248 549; x_wconf 89' lang='lat' dir='ltr'>et</span> <span class='ocrx_word' id='word_1_25' title='bbox 1264 478 1351 548; x_wconf 88' lang='lat' dir='ltr'>aliae</span> <span class='ocrx_word' id='word_1_26' title='bbox 1368 480 1499 549; x_wconf 87' lang='lat' dir='ltr'>multae</span> <span class='ocrx_word' id='word_1_27' title='bbox 1515 474 1700 574; x_wconf 75' lang='grc' dir='ltr'><strong><em>ἁμαρτίας</em></strong></span> <span class='ocrx_word' id='word_1_28' title='bbox 1713 507 1856 566; x_wconf 90' lang='lat' dir='ltr'>eorum,</span> <span class='ocrx_word' id='word_1_29' title='bbox 1881 486 1944 578; x_wconf 94' lang='lat' dir='ltr'>qui</span> <span class='ocrx_word' id='word_1_30' title='bbox 1962 500 2045 557; x_wconf 89' lang='lat' dir='ltr'>sunt</span> <span class='ocrx_word' id='word_1_31' title='bbox 2061 486 2101 556; x_wconf 90' lang='lat' dir='ltr'>in</span> 
     </span>
    </p>

    <p class='ocr_par' dir='ltr' id='par_1_3' title="bbox 522 577 2100 669">
     <span class='ocr_line' id='line_1_4' title="bbox 522 577 2100 669; baseline 0.011 -29"><span class='ocrx_word' id='word_1_32' title='bbox 522 584 526 592; x_wconf 89' lang='lat'>&#39;</span> <span class='ocrx_word' id='word_1_33' title='bbox 1109 578 1186 669; x_wconf 91' lang='lat' dir='ltr'>ripa</span> <span class='ocrx_word' id='word_1_34' title='bbox 1201 577 1377 665; x_wconf 82' lang='lat' dir='ltr'>Danubii,</span> <span class='ocrx_word' id='word_1_35' title='bbox 1402 604 1536 651; x_wconf 88' lang='lat' dir='ltr'>novum</span> <span class='ocrx_word' id='word_1_36' title='bbox 1554 605 1594 651; x_wconf 90' lang='lat' dir='ltr'>ac</span> <span class='ocrx_word' id='word_1_37' title='bbox 1609 583 1766 651; x_wconf 91' lang='lat' dir='ltr'>vicinum</span> <span class='ocrx_word' id='word_1_38' title='bbox 1783 584 1917 655; x_wconf 91' lang='lat' dir='ltr'>bellum</span> <span class='ocrx_word' id='word_1_39' title='bbox 1930 590 2100 657; x_wconf 90' lang='lat' dir='ltr'>accende-</span> 
     </span>
    </p>

    <p class='ocr_par' dir='ltr' id='par_1_4' title="bbox 87 655 2099 758">
     <span class='ocr_line' id='line_1_5' title="bbox 87 655 2099 758; baseline 0.012 -24"><span class='ocrx_word' id='word_1_40' title='bbox 87 655 330 735; x_wconf 74' lang='lat' dir='ltr'>Mt&#39;olmelt&#39;</span> <span class='ocrx_word' id='word_1_41' title='bbox 358 655 711 758; x_wconf 72' lang='lat' dir='ltr'>Meienburgt&#39;o,</span> <span class='ocrx_word' id='word_1_42' title='bbox 750 662 896 736; x_wconf 66' lang='lat' dir='ltr'>consuli</span> <span class='ocrx_word' id='word_1_43' title='bbox 919 660 1038 740; x_wconf 67' lang='grc' dir='ltr'>ΝΜ·</span> <span class='ocrx_word' id='word_1_44' title='bbox 1107 693 1201 754; x_wconf 89' lang='lat' dir='ltr'>runt.</span> <span class='ocrx_word' id='word_1_45' title='bbox 1238 678 1307 752; x_wconf 90' lang='lat' dir='ltr'>Sed</span> <span class='ocrx_word' id='word_1_46' title='bbox 1324 705 1380 751; x_wconf 91' lang='lat' dir='ltr'>res</span> <span class='ocrx_word' id='word_1_47' title='bbox 1399 682 1470 751; x_wconf 84' lang='lat' dir='ltr'>iam</span> <span class='ocrx_word' id='word_1_48' title='bbox 1485 682 1572 752; x_wconf 92' lang='lat' dir='ltr'>olim</span> <span class='ocrx_word' id='word_1_49' title='bbox 1587 682 1636 752; x_wconf 89' lang='lat' dir='ltr'>ita</span> <span class='ocrx_word' id='word_1_50' title='bbox 1654 685 1788 754; x_wconf 89' lang='lat' dir='ltr'>artibus</span> <span class='ocrx_word' id='word_1_51' title='bbox 1803 686 2099 758; x_wconf 89' lang='lat' dir='ltr'>astutissimorum</span> 
     </span>
    </p>
   </div>
   <div class='ocr_carea' id='block_1_3' title="bbox 484 757 2096 874">
    <p class='ocr_par' dir='ltr' id='par_1_5' title="bbox 484 757 2096 874">
     <span class='ocr_line' id='line_1_6' title="bbox 484 757 2096 874; baseline 0.016 -42"><span class='ocrx_word' id='word_1_52' title='bbox 484 757 643 839; x_wconf 77' lang='lat' dir='ltr'>burano.</span> <span class='ocrx_word' id='word_1_53' title='bbox 875 844 877 847; x_wconf 68' lang='grc'>,</span> <span class='ocrx_word' id='word_1_54' title='bbox 1107 775 1293 852; x_wconf 89' lang='lat' dir='ltr'>bominum</span> <span class='ocrx_word' id='word_1_55' title='bbox 1307 783 1477 854; x_wconf 89' lang='lat' dir='ltr'>instructa</span> <span class='ocrx_word' id='word_1_56' title='bbox 1491 796 1553 856; x_wconf 89' lang='lat' dir='ltr'>est.</span> <span class='ocrx_word' id='word_1_57' title='bbox 1589 781 1686 871; x_wconf 84' lang='lat' dir='ltr'><strong>Quid</strong></span> <span class='ocrx_word' id='word_1_58' title='bbox 1703 799 1841 874; x_wconf 88' lang='lat' dir='ltr'>agatur,</span> <span class='ocrx_word' id='word_1_59' title='bbox 1862 812 1936 856; x_wconf 89' lang='lat' dir='ltr'>non</span> <span class='ocrx_word' id='word_1_60' title='bbox 1953 789 2096 858; x_wconf 87' lang='lat' dir='ltr'>difficile</span> 
     </span>
    </p>
   </div>
   <div class='ocr_carea' id='block_1_4' title="bbox 56 881 2096 1111">
    <p class='ocr_par' dir='ltr' id='par_1_6' title="bbox 56 881 2096 1111">
     <span class='ocr_line' id='line_1_7' title="bbox 56 881 2096 1007; baseline 0.002 -52"><span class='ocrx_word' id='word_1_61' title='bbox 56 894 107 986; x_wconf 81' lang='lat' dir='ltr'>S.</span> <span class='ocrx_word' id='word_1_62' title='bbox 132 909 179 986; x_wconf 91' lang='lat' dir='ltr'>D.</span> <span class='ocrx_word' id='word_1_63' title='bbox 230 909 563 999; x_wconf 54' lang='lat' dir='ltr'><strong>Hodieexmffis,</strong></span> <span class='ocrx_word' id='word_1_64' title='bbox 590 914 1060 1007; x_wconf 51' lang='lat' dir='ltr'><strong>quamminrfpafflnu·</strong></span> <span class='ocrx_word' id='word_1_65' title='bbox 1104 895 1157 952; x_wconf 90' lang='lat' dir='ltr'>est</span> <span class='ocrx_word' id='word_1_66' title='bbox 1181 883 1349 1001; x_wconf 77' lang='lat' dir='ltr'>iudicare.</span> <span class='ocrx_word' id='word_1_67' title='bbox 1408 881 1500 955; x_wconf 92' lang='lat' dir='ltr'>Cum</span> <span class='ocrx_word' id='word_1_68' title='bbox 1522 884 1778 955; x_wconf 82' lang='lat' dir='ltr'><strong>animadvertet</strong></span> <span class='ocrx_word' id='word_1_69' title='bbox 1802 889 1971 973; x_wconf 80' lang='lat' dir='ltr'>Carolus,</span> <span class='ocrx_word' id='word_1_70' title='bbox 2005 897 2096 960; x_wconf 91' lang='lat' dir='ltr'>duos</span> 
     </span>
     <span class='ocr_line' id='line_1_8' title="bbox 57 978 2096 1111; baseline 0 -25"><span class='ocrx_word' id='word_1_71' title='bbox 57 1015 133 1099; x_wconf 89' lang='lat' dir='ltr'>bii,</span> <span class='ocrx_word' id='word_1_72' title='bbox 159 1013 285 1083; x_wconf 90' lang='lat' dir='ltr'>allatae</span> <span class='ocrx_word' id='word_1_73' title='bbox 300 1028 383 1083; x_wconf 92' lang='lat' dir='ltr'>sunt</span> <span class='ocrx_word' id='word_1_74' title='bbox 399 1013 540 1098; x_wconf 89' lang='lat' dir='ltr'>literae,</span> <span class='ocrx_word' id='word_1_75' title='bbox 565 1017 714 1107; x_wconf 78' lang='lat' dir='ltr'><strong>scriptae</strong></span> <span class='ocrx_word' id='word_1_76' title='bbox 735 1015 793 1085; x_wconf 91' lang='lat' dir='ltr'>die</span> <span class='ocrx_word' id='word_1_77' title='bbox 807 1014 991 1111; x_wconf 83' lang='lat' dir='ltr'>Dionysii,</span> <span class='ocrx_word' id='word_1_78' title='bbox 1020 1018 1057 1086; x_wconf 92' lang='lat' dir='ltr'>iu</span> <span class='ocrx_word' id='word_1_79' title='bbox 1103 978 1169 1052; x_wconf 57' lang='lat'>¹¹⁰⁵</span> <span class='ocrx_word' id='word_1_80' title='bbox 1183 982 1385 1075; x_wconf 57' lang='lat' dir='ltr'>Pf¹¹¹⁰¹pese</span> <span class='ocrx_word' id='word_1_81' title='bbox 1409 984 1608 1056; x_wconf 61' lang='lat' dir='ltr'>Elecwfem</span> <span class='ocrx_word' id='word_1_82' title='bbox 1632 1000 1667 1055; x_wconf 52' lang='grc' dir='ltr'>εἱ</span> <span class='ocrx_word' id='word_1_83' title='bbox 1682 981 1929 1057; x_wconf 59' lang='lat' dir='ltr'><em>Maced‘m‘m</em></span> <span class='ocrx_word' id='word_1_84' title='bbox 1954 990 1993 1059; x_wconf 63' lang='lat' dir='ltr'>in</span> <span class='ocrx_word' id='word_1_85' title='bbox 2015 991 2096 1085; x_wconf 65' lang='lat' dir='ltr'>‘lul&#39;</span> 
     </span>
    </p>
   </div>
   <div class='ocr_carea' id='block_1_5' title="bbox 56 1085 2095 1309">
    <p class='ocr_par' dir='ltr' id='par_1_7' title="bbox 56 1085 2095 1309">
     <span class='ocr_line' id='line_1_9' title="bbox 58 1085 2094 1213; baseline 0 -54"><span class='ocrx_word' id='word_1_86' title='bbox 58 1117 193 1213; x_wconf 53' lang='grc' dir='ltr'>ΨΜ</span> <span class='ocrx_word' id='word_1_87' title='bbox 214 1116 348 1185; x_wconf 55' lang='lat' dir='ltr'><strong>mentio</strong></span> <span class='ocrx_word' id='word_1_88' title='bbox 374 1130 425 1186; x_wconf 58' lang='lat' dir='ltr'>,st</span> <span class='ocrx_word' id='word_1_89' title='bbox 448 1116 748 1187; x_wconf 45' lang='lat' dir='ltr'>deliberationum</span> <span class='ocrx_word' id='word_1_90' title='bbox 771 1118 930 1208; x_wconf 43' lang='lat' dir='ltr'>depae,</span> <span class='ocrx_word' id='word_1_91' title='bbox 951 1144 1057 1212; x_wconf 60' lang='lat' dir='ltr'>quam</span> <span class='ocrx_word' id='word_1_92' title='bbox 1102 1085 1251 1204; x_wconf 78' lang='lat' dir='ltr'>busdam</span> <span class='ocrx_word' id='word_1_93' title='bbox 1281 1087 1464 1156; x_wconf 80' lang='lat' dir='ltr'>sententiis</span> <span class='ocrx_word' id='word_1_94' title='bbox 1491 1086 1663 1156; x_wconf 84' lang='lat' dir='ltr'>firmiores</span> <span class='ocrx_word' id='word_1_95' title='bbox 1695 1113 1785 1170; x_wconf 91' lang='lat' dir='ltr'>esse,</span> <span class='ocrx_word' id='word_1_96' title='bbox 1818 1090 1996 1159; x_wconf 90' lang='lat' dir='ltr'>tollendos</span> <span class='ocrx_word' id='word_1_97' title='bbox 2022 1110 2094 1161; x_wconf 83' lang='lat' dir='ltr'>esse</span> 
     </span>
     <span class='ocr_line' id='line_1_10' title="bbox 56 1185 2095 1309; baseline -0.002 -20"><span class='ocrx_word' id='word_1_98' title='bbox 56 1228 101 1290; x_wconf 87' lang='lat' dir='ltr'>ut</span> <span class='ocrx_word' id='word_1_99' title='bbox 123 1219 212 1288; x_wconf 86' lang='lat' dir='ltr'>deus</span> <span class='ocrx_word' id='word_1_100' title='bbox 231 1217 337 1286; x_wconf 91' lang='lat' dir='ltr'>nobis</span> <span class='ocrx_word' id='word_1_101' title='bbox 358 1218 547 1302; x_wconf 90' lang='lat' dir='ltr'>concedat,</span> <span class='ocrx_word' id='word_1_102' title='bbox 582 1218 675 1287; x_wconf 88' lang='lat' dir='ltr'>veris</span> <span class='ocrx_word' id='word_1_103' title='bbox 695 1219 786 1288; x_wconf 92' lang='lat' dir='ltr'>votis</span> <span class='ocrx_word' id='word_1_104' title='bbox 811 1232 846 1288; x_wconf 85' lang='lat' dir='ltr'>et</span> <span class='ocrx_word' id='word_1_105' title='bbox 869 1221 1057 1309; x_wconf 82' lang='lat' dir='ltr'>gemitibus</span> <span class='ocrx_word' id='word_1_106' title='bbox 1102 1201 1254 1267; x_wconf 58' lang='lat' dir='ltr'>“emm‘’</span> <span class='ocrx_word' id='word_1_107' title='bbox 1276 1200 1317 1256; x_wconf 68' lang='lat'>¹¹²</span> <span class='ocrx_word' id='word_1_108' title='bbox 1332 1204 1450 1279; x_wconf 62' lang='grc' dir='ltr'>ΡΟδιεέι</span> <span class='ocrx_word' id='word_1_109' title='bbox 1467 1190 1747 1282; x_wconf 55' lang='lat' dir='ltr'>qualemcunque</span> <span class='ocrx_word' id='word_1_110' title='bbox 1762 1185 1965 1288; x_wconf 56' lang='lat' dir='ltr'>‘l‘all‘iylv</span> <span class='ocrx_word' id='word_1_111' title='bbox 1979 1191 2095 1266; x_wconf 81' lang='lat' dir='ltr'>iaciat.</span> 
     </span>
    </p>
   </div>
   <div class='ocr_carea' id='block_1_6' title="bbox 57 1281 2097 1495">
    <p class='ocr_par' dir='ltr' id='par_1_8' title="bbox 57 1281 2097 1495">
     <span class='ocr_line' id='line_1_11' title="bbox 58 1281 2095 1416; baseline 0 -26"><span class='ocrx_word' id='word_1_112' title='bbox 58 1321 278 1412; x_wconf 86' lang='lat' dir='ltr'>precandum</span> <span class='ocrx_word' id='word_1_113' title='bbox 296 1333 357 1389; x_wconf 91' lang='lat' dir='ltr'>est.</span> <span class='ocrx_word' id='word_1_114' title='bbox 407 1316 523 1388; x_wconf 88' lang='lat' dir='ltr'>Video</span> <span class='ocrx_word' id='word_1_115' title='bbox 543 1322 655 1392; x_wconf 87' lang='lat' dir='ltr'>multa</span> <span class='ocrx_word' id='word_1_116' title='bbox 676 1320 808 1390; x_wconf 88' lang='lat' dir='ltr'>insulse</span> <span class='ocrx_word' id='word_1_117' title='bbox 831 1322 921 1409; x_wconf 88' lang='lat' dir='ltr'>geri,</span> <span class='ocrx_word' id='word_1_118' title='bbox 950 1323 1056 1416; x_wconf 91' lang='lat' dir='ltr'>idque</span> <span class='ocrx_word' id='word_1_119' title='bbox 1101 1286 1235 1406; x_wconf 52' lang='lat' dir='ltr'>Elim?</span> <span class='ocrx_word' id='word_1_120' title='bbox 1263 1281 1330 1357; x_wconf 57' lang='lat'><strong>¹¹⁰⁰</strong></span> <span class='ocrx_word' id='word_1_121' title='bbox 1360 1302 1516 1380; x_wconf 70' lang='lat' dir='ltr'>t‘³¹⁰1&#39;ore</span> <span class='ocrx_word' id='word_1_122' title='bbox 1545 1290 1666 1406; x_wconf 61' lang='lat' dir='ltr'>{mlim</span> <span class='ocrx_word' id='word_1_123' title='bbox 1692 1293 1783 1408; x_wconf 74' lang='lat' dir='ltr'>³P¹¹d</span> <span class='ocrx_word' id='word_1_124' title='bbox 1810 1305 1842 1360; x_wconf 68' lang='lat'>¹⁰</span> <span class='ocrx_word' id='word_1_125' title='bbox 1866 1316 2095 1410; x_wconf 63' lang='lat' dir='ltr'>²⁵⁸⁰’‚‘l¹¹³¹¹¹</span> 
     </span>
     <span class='ocr_line' id='line_1_12' title="bbox 57 1389 2097 1495; baseline 0.002 -36"><span class='ocrx_word' id='word_1_126' title='bbox 57 1421 164 1493; x_wconf 53' lang='lat' dir='ltr'><strong>initio</strong></span> <span class='ocrx_word' id='word_1_127' title='bbox 182 1421 568 1495; x_wconf 49' lang='lat' dir='ltr'><strong>meluifuwmmesse·</strong></span> <span class='ocrx_word' id='word_1_128' title='bbox 619 1421 1056 1493; x_wconf 61' lang='lat' dir='ltr'><strong>Nuncmaiusmalumin</strong></span> <span class='ocrx_word' id='word_1_129' title='bbox 1100 1411 1220 1478; x_wconf 90' lang='lat' dir='ltr'>vagarr</span> <span class='ocrx_word' id='word_1_130' title='bbox 1239 1412 1302 1479; x_wconf 91' lang='lat' dir='ltr'>per</span> <span class='ocrx_word' id='word_1_131' title='bbox 1323 1413 1422 1460; x_wconf 92' lang='lat' dir='ltr'>oram</span> <span class='ocrx_word' id='word_1_132' title='bbox 1438 1389 1626 1475; x_wconf 86' lang='lat' dir='ltr'>Fraucrae,</span> <span class='ocrx_word' id='word_1_133' title='bbox 1657 1393 1721 1462; x_wconf 86' lang='lat' dir='ltr'>ubr</span> <span class='ocrx_word' id='word_1_134' title='bbox 1740 1414 1866 1482; x_wconf 87' lang='lat' dir='ltr'>magna</span> <span class='ocrx_word' id='word_1_135' title='bbox 1885 1408 2028 1463; x_wconf 87' lang='lat' dir='ltr'>saevrtra</span> <span class='ocrx_word' id='word_1_136' title='bbox 2044 1407 2097 1464; x_wconf 89' lang='lat' dir='ltr'>est</span> 
     </span>
    </p>
   </div>
   <div class='ocr_carea' id='block_1_7' title="bbox 57 1488 2095 1595">
    <p class='ocr_par' dir='ltr' id='par_1_9' title="bbox 57 1488 2095 1595">
     <span class='ocr_line' id='line_1_13' title="bbox 57 1488 2095 1595; baseline -0.002 -3"><span class='ocrx_word' id='word_1_137' title='bbox 57 1523 191 1593; x_wconf 83' lang='lat' dir='ltr'>vicinia</span> <span class='ocrx_word' id='word_1_138' title='bbox 212 1536 330 1592; x_wconf 91' lang='lat' dir='ltr'>ortum</span> <span class='ocrx_word' id='word_1_139' title='bbox 351 1535 403 1590; x_wconf 92' lang='lat' dir='ltr'>est</span> <span class='ocrx_word' id='word_1_140' title='bbox 423 1533 558 1591; x_wconf 91' lang='lat' dir='ltr'>constat</span> <span class='ocrx_word' id='word_1_141' title='bbox 572 1522 667 1591; x_wconf 90' lang='lat' dir='ltr'>enim</span> <span class='ocrx_word' id='word_1_142' title='bbox 684 1523 754 1591; x_wconf 89' lang='lat' dir='ltr'>iam</span> <span class='ocrx_word' id='word_1_143' title='bbox 769 1523 906 1593; x_wconf 91' lang='lat' dir='ltr'>vicinos</span> <span class='ocrx_word' id='word_1_144' title='bbox 921 1524 1056 1595; x_wconf 89' lang='lat' dir='ltr'>bellum</span> <span class='ocrx_word' id='word_1_145' title='bbox 1100 1488 1354 1561; x_wconf 61' lang='lat' dir='ltr'><strong>Franc¹⁰⁰¹⁸¹¹¹¹¹</strong></span> <span class='ocrx_word' id='word_1_146' title='bbox 1368 1489 1552 1585; x_wconf 62' lang='lat' dir='ltr'>Equilum·</span> <span class='ocrx_word' id='word_1_147' title='bbox 1591 1490 1795 1566; x_wconf 57' lang='lat' dir='ltr'>Bfflil&#39;ale·</span> <span class='ocrx_word' id='word_1_148' title='bbox 1827 1491 1894 1562; x_wconf 60' lang='lat' dir='ltr'>Die</span> <span class='ocrx_word' id='word_1_149' title='bbox 1911 1488 2095 1590; x_wconf 46' lang='lat' dir='ltr'>Lucam·</span> 
     </span>
    </p>
   </div>
   <div class='ocr_carea' id='block_1_8' title="bbox 59 1590 2045 1698">
    <p class='ocr_par' dir='ltr' id='par_1_10' title="bbox 59 1590 2045 1698">
     <span class='ocr_line' id='line_1_14' title="bbox 59 1590 2045 1698; baseline -0.006 -4"><span class='ocrx_word' id='word_1_150' title='bbox 59 1624 223 1694; x_wconf 80' lang='lat' dir='ltr'>illaturos</span> <span class='ocrx_word' id='word_1_151' title='bbox 246 1647 320 1693; x_wconf 88' lang='lat' dir='ltr'>esse</span> <span class='ocrx_word' id='word_1_152' title='bbox 344 1619 502 1693; x_wconf 85' lang='lat' dir='ltr'>Electori</span> <span class='ocrx_word' id='word_1_153' title='bbox 526 1622 714 1698; x_wconf 76' lang='lat' dir='ltr'>Saronico.</span> <span class='ocrx_word' id='word_1_154' title='bbox 772 1622 869 1694; x_wconf 88' lang='lat' dir='ltr'>Haec</span> <span class='ocrx_word' id='word_1_155' title='bbox 895 1649 950 1695; x_wconf 91' lang='lat' dir='ltr'>res</span> <span class='ocrx_word' id='word_1_156' title='bbox 973 1642 1055 1697; x_wconf 84' lang='lat' dir='ltr'>ante</span> <span class='ocrx_word' id='word_1_157' title='bbox 1614 1590 1803 1686; x_wconf 59' lang='lat' dir='ltr'>Philippus</span> <span class='ocrx_word' id='word_1_158' title='bbox 1819 1591 2045 1671; x_wconf 62' lang='lat' dir='ltr'>Melafllhffl·</span> 
     </span>
    </p>
   </div>
   <div class='ocr_carea' id='block_1_9' title="bbox 58 1721 2092 2064">
    <p class='ocr_par' dir='ltr' id='par_1_11' title="bbox 58 1721 2092 2064">
     <span class='ocr_line' id='line_1_15' title="bbox 59 1721 1056 1817; baseline 0.001 -21"><span class='ocrx_word' id='word_1_159' title='bbox 59 1721 128 1797; x_wconf 91' lang='lat' dir='ltr'>boc</span> <span class='ocrx_word' id='word_1_160' title='bbox 143 1739 282 1817; x_wconf 90' lang='lat' dir='ltr'>tempus</span> <span class='ocrx_word' id='word_1_161' title='bbox 299 1725 492 1794; x_wconf 86' lang='lat' dir='ltr'>subornata</span> <span class='ocrx_word' id='word_1_162' title='bbox 508 1739 569 1800; x_wconf 75' lang='lat' dir='ltr'>est.</span> <span class='ocrx_word' id='word_1_163' title='bbox 607 1725 698 1797; x_wconf 91' lang='lat' dir='ltr'>lussi</span> <span class='ocrx_word' id='word_1_164' title='bbox 717 1726 824 1815; x_wconf 91' lang='lat' dir='ltr'>igitur</span> <span class='ocrx_word' id='word_1_165' title='bbox 840 1727 942 1813; x_wconf 85' lang='lat' dir='ltr'>filios,</span> <span class='ocrx_word' id='word_1_166' title='bbox 968 1731 1056 1797; x_wconf 92' lang='lat' dir='ltr'>ado-</span> 
     </span>
     <span class='ocr_line' id='line_1_16' title="bbox 58 1823 1055 1919; baseline 0.002 -23"><span class='ocrx_word' id='word_1_167' title='bbox 58 1829 228 1897; x_wconf 85' lang='lat' dir='ltr'>lescentes</span> <span class='ocrx_word' id='word_1_168' title='bbox 259 1823 427 1895; x_wconf 87' lang='lat' dir='ltr'>honestos</span> <span class='ocrx_word' id='word_1_169' title='bbox 455 1839 489 1895; x_wconf 91' lang='lat' dir='ltr'>et</span> <span class='ocrx_word' id='word_1_170' title='bbox 520 1828 612 1895; x_wconf 90' lang='lat' dir='ltr'>beue</span> <span class='ocrx_word' id='word_1_171' title='bbox 642 1841 819 1910; x_wconf 87' lang='lat' dir='ltr'>moratos,</span> <span class='ocrx_word' id='word_1_172' title='bbox 852 1835 931 1896; x_wconf 85' lang='lat' dir='ltr'>&#39;cum</span> <span class='ocrx_word' id='word_1_173' title='bbox 953 1852 1055 1919; x_wconf 90' lang='lat' dir='ltr'>prae-</span> 
     </span>
     <span class='ocr_line' id='line_1_17' title="bbox 58 1927 2092 2064; baseline -0.001 -64"><span class='ocrx_word' id='word_1_174' title='bbox 58 1943 200 2021; x_wconf 85' lang='lat' dir='ltr'>ceptore</span> <span class='ocrx_word' id='word_1_175' title='bbox 214 1930 259 1998; x_wconf 87' lang='lat' dir='ltr'>ad</span> <span class='ocrx_word' id='word_1_176' title='bbox 278 1953 339 1997; x_wconf 90' lang='lat' dir='ltr'>vos</span> <span class='ocrx_word' id='word_1_177' title='bbox 354 1927 545 2017; x_wconf 85' lang='lat' dir='ltr'>proficisci,</span> <span class='ocrx_word' id='word_1_178' title='bbox 573 1928 636 2020; x_wconf 92' lang='lat' dir='ltr'>qui</span> <span class='ocrx_word' id='word_1_179' title='bbox 653 1942 729 2018; x_wconf 88' lang='lat' dir='ltr'>post</span> <span class='ocrx_word' id='word_1_180' title='bbox 749 1929 898 1997; x_wconf 91' lang='lat' dir='ltr'>biduum</span> <span class='ocrx_word' id='word_1_181' title='bbox 915 1929 984 1998; x_wconf 91' lang='lat' dir='ltr'>iter</span> <span class='ocrx_word' id='word_1_182' title='bbox 998 1930 1055 1997; x_wconf 91' lang='lat' dir='ltr'>in-</span> <span class='ocrx_word' id='word_1_183' title='bbox 1098 1987 1164 2058; x_wconf 45' lang='lat' dir='ltr'>No·</span> <span class='ocrx_word' id='word_1_184' title='bbox 1181 1983 1294 2058; x_wconf 44' lang='lat'><strong>3579·</strong></span> <span class='ocrx_word' id='word_1_185' title='bbox 1946 2002 2004 2064; x_wconf 38' lang='lat'>¹9·</span> <span class='ocrx_word' id='word_1_186' title='bbox 2022 1994 2092 2058; x_wconf 39' lang='lat' dir='ltr'>ont·</span> 
     </span>
    </p>
   </div>
   <div class='ocr_carea' id='block_1_10' title="bbox 58 2024 2090 2121">
    <p class='ocr_par' dir='ltr' id='par_1_12' title="bbox 58 2024 2090 2121">
     <span class='ocr_line' id='line_1_18' title="bbox 58 2024 2090 2121; baseline -0.009 -20"><span class='ocrx_word' id='word_1_187' title='bbox 58 2031 275 2121; x_wconf 75' lang='lat' dir='ltr'>gradientur.</span> <span class='ocrx_word' id='word_1_188' title='bbox 315 2027 493 2097; x_wconf 85' lang='lat' dir='ltr'>Humanis</span> <span class='ocrx_word' id='word_1_189' title='bbox 511 2029 667 2097; x_wconf 90' lang='lat' dir='ltr'>consiliis</span> <span class='ocrx_word' id='word_1_190' title='bbox 682 2024 748 2097; x_wconf 88' lang='lat' dir='ltr'>hae</span> <span class='ocrx_word' id='word_1_191' title='bbox 765 2043 985 2119; x_wconf 91' lang='lat' dir='ltr'>tempestates</span> <span class='ocrx_word' id='word_1_192' title='bbox 1001 2054 1055 2099; x_wconf 85' lang='lat' dir='ltr'>se·</span> <span class='ocrx_word' id='word_1_193' title='bbox 1096 2081 1267 2110; x_wconf 51' lang='grc' dir='ltr'>Μ</span> <span class='ocrx_word' id='word_1_194' title='bbox 1958 2086 2090 2118; x_wconf 62' lang='lat' dir='ltr'>w·-</span> 
     </span>
    </p>
   </div>
   <div class='ocr_carea' id='block_1_11' title="bbox 56 2128 1831 2323">
    <p class='ocr_par' dir='ltr' id='par_1_13' title="bbox 56 2128 1831 2323">
     <span class='ocr_line' id='line_1_19' title="bbox 58 2128 1763 2223; baseline -0.009 -21"><span class='ocrx_word' id='word_1_195' title='bbox 58 2133 133 2202; x_wconf 86' lang='lat' dir='ltr'>dari</span> <span class='ocrx_word' id='word_1_196' title='bbox 159 2155 234 2200; x_wconf 90' lang='lat' dir='ltr'>non</span> <span class='ocrx_word' id='word_1_197' title='bbox 254 2143 414 2223; x_wconf 85' lang='lat' dir='ltr'>possunt.</span> <span class='ocrx_word' id='word_1_198' title='bbox 466 2128 549 2198; x_wconf 91' lang='lat' dir='ltr'>ldeo</span> <span class='ocrx_word' id='word_1_199' title='bbox 575 2133 680 2199; x_wconf 88' lang='lat' dir='ltr'>deum</span> <span class='ocrx_word' id='word_1_200' title='bbox 705 2153 863 2215; x_wconf 90' lang='lat' dir='ltr'>oremus,</span> <span class='ocrx_word' id='word_1_201' title='bbox 887 2146 927 2201; x_wconf 89' lang='lat' dir='ltr'>ut</span> <span class='ocrx_word' id='word_1_202' title='bbox 941 2145 1054 2201; x_wconf 88' lang='lat' dir='ltr'>servet</span> <span class='ocrx_word' id='word_1_203' title='bbox 1510 2188 1517 2205; x_wconf 78' lang='grc'><strong>,</strong></span> <span class='ocrx_word' id='word_1_204' title='bbox 1756 2188 1763 2204; x_wconf 67' lang='grc'>,</span> 
     </span>
     <span class='ocr_line' id='line_1_20' title="bbox 56 2180 1831 2323; baseline -0.011 -19"><span class='ocrx_word' id='word_1_205' title='bbox 56 2229 250 2304; x_wconf 82' lang='lat' dir='ltr'>Ecclesiam</span> <span class='ocrx_word' id='word_1_206' title='bbox 275 2254 393 2315; x_wconf 88' lang='lat' dir='ltr'>suam,</span> <span class='ocrx_word' id='word_1_207' title='bbox 425 2243 459 2300; x_wconf 90' lang='lat' dir='ltr'>et</span> <span class='ocrx_word' id='word_1_208' title='bbox 484 2226 647 2300; x_wconf 88' lang='lat' dir='ltr'>honestas</span> <span class='ocrx_word' id='word_1_209' title='bbox 665 2232 818 2323; x_wconf 87' lang='lat' dir='ltr'>politias.</span> <span class='ocrx_word' id='word_1_210' title='bbox 868 2229 918 2304; x_wconf 86' lang='lat' dir='ltr'>Et</span> <span class='ocrx_word' id='word_1_211' title='bbox 935 2256 1053 2302; x_wconf 90' lang='lat' dir='ltr'>serva-</span> <span class='ocrx_word' id='word_1_212' title='bbox 1357 2180 1542 2296; x_wconf 67' lang='lat' dir='ltr'>G⁶⁰rgl⁰</span> <span class='ocrx_word' id='word_1_213' title='bbox 1574 2182 1831 2269; x_wconf 62' lang='lat' dir='ltr'>Anhallmo·</span> 
     </span>
    </p>
   </div>
   <div class='ocr_carea' id='block_1_12' title="bbox 55 2333 2092 3434">
    <p class='ocr_par' dir='ltr' id='par_1_14' title="bbox 58 2333 2092 2524">
     <span class='ocr_line' id='line_1_21' title="bbox 58 2333 2092 2421; baseline -0.005 -17"><span class='ocrx_word' id='word_1_214' title='bbox 58 2348 178 2404; x_wconf 89' lang='lat' dir='ltr'>turum</span> <span class='ocrx_word' id='word_1_215' title='bbox 195 2356 268 2401; x_wconf 88' lang='lat' dir='ltr'>esse</span> <span class='ocrx_word' id='word_1_216' title='bbox 284 2358 357 2401; x_wconf 92' lang='lat' dir='ltr'>non</span> <span class='ocrx_word' id='word_1_217' title='bbox 372 2333 517 2415; x_wconf 88' lang='lat' dir='ltr'>dubito,</span> <span class='ocrx_word' id='word_1_218' title='bbox 541 2333 677 2401; x_wconf 87' lang='lat' dir='ltr'>etiamsi</span> <span class='ocrx_word' id='word_1_219' title='bbox 694 2356 821 2421; x_wconf 87' lang='lat' dir='ltr'>magna</span> <span class='ocrx_word' id='word_1_220' title='bbox 836 2348 920 2403; x_wconf 87' lang='lat' dir='ltr'>sunt</span> <span class='ocrx_word' id='word_1_221' title='bbox 933 2351 1052 2402; x_wconf 88' lang='lat' dir='ltr'>nostra</span> <span class='ocrx_word' id='word_1_222' title='bbox 1164 2348 1184 2410; x_wconf 87' lang='lat'>†</span> <span class='ocrx_word' id='word_1_223' title='bbox 1201 2343 1239 2405; x_wconf 77' lang='lat' dir='ltr'>Ex</span> <span class='ocrx_word' id='word_1_224' title='bbox 1257 2339 1412 2414; x_wconf 77' lang='lat' dir='ltr'>apographo</span> <span class='ocrx_word' id='word_1_225' title='bbox 1428 2341 1456 2394; x_wconf 83' lang='lat' dir='ltr'>in</span> <span class='ocrx_word' id='word_1_226' title='bbox 1471 2342 1533 2399; x_wconf 83' lang='lat' dir='ltr'>cod.</span> <span class='ocrx_word' id='word_1_227' title='bbox 1547 2341 1710 2399; x_wconf 69' lang='lat' dir='ltr'>servaturo</span> <span class='ocrx_word' id='word_1_228' title='bbox 1728 2360 1757 2414; x_wconf 83' lang='lat' dir='ltr'>p.</span> <span class='ocrx_word' id='word_1_229' title='bbox 1772 2341 1831 2397; x_wconf 82' lang='lat'>174.</span> <span class='ocrx_word' id='word_1_230' title='bbox 1847 2339 1914 2395; x_wconf 81' lang='lat' dir='ltr'>mitri</span> <span class='ocrx_word' id='word_1_231' title='bbox 1927 2338 2061 2410; x_wconf 77' lang='lat' dir='ltr'>descripta</span> <span class='ocrx_word' id='word_1_232' title='bbox 2077 2353 2092 2390; x_wconf 78' lang='lat' dir='ltr'>a</span> 
     </span>
     <span class='ocr_line' id='line_1_22' title="bbox 59 2410 1447 2524; baseline 0.001 -22"><span class='ocrx_word' id='word_1_233' title='bbox 59 2435 169 2518; x_wconf 88' lang='lat' dir='ltr'>vicia,</span> <span class='ocrx_word' id='word_1_234' title='bbox 204 2446 237 2502; x_wconf 92' lang='lat' dir='ltr'>et</span> <span class='ocrx_word' id='word_1_235' title='bbox 267 2433 305 2500; x_wconf 95' lang='lat' dir='ltr'>in</span> <span class='ocrx_word' id='word_1_236' title='bbox 334 2447 482 2524; x_wconf 90' lang='lat' dir='ltr'>utraque</span> <span class='ocrx_word' id='word_1_237' title='bbox 503 2449 600 2522; x_wconf 87' lang='lat' dir='ltr'>parte</span> <span class='ocrx_word' id='word_1_238' title='bbox 622 2435 877 2523; x_wconf 82' lang='lat' dir='ltr'>gubernatores</span> <span class='ocrx_word' id='word_1_239' title='bbox 898 2437 1052 2505; x_wconf 88' lang='lat' dir='ltr'>multum</span> <span class='ocrx_word' id='word_1_240' title='bbox 1198 2410 1447 2467; x_wconf 58' lang='lat' dir='ltr'>⁰¹³¹&#39;⁵⁸⁸&#39;⁸³¹²⁸‘¹¹i’‘</span> 
     </span>
    </p>

    <p class='ocr_par' dir='ltr' id='par_1_15' title="bbox 60 2533 1050 2626">
     <span class='ocr_line' id='line_1_23' title="bbox 60 2533 1050 2626; baseline -0.003 -21"><span class='ocrx_word' id='word_1_241' title='bbox 60 2548 215 2626; x_wconf 88' lang='lat' dir='ltr'>peccant.</span> <span class='ocrx_word' id='word_1_242' title='bbox 267 2534 338 2603; x_wconf 86' lang='lat' dir='ltr'>Sed</span> <span class='ocrx_word' id='word_1_243' title='bbox 362 2534 604 2604; x_wconf 80' lang='lat' dir='ltr'>crudelitatem</span> <span class='ocrx_word' id='word_1_244' title='bbox 629 2548 664 2604; x_wconf 90' lang='lat' dir='ltr'>et</span> <span class='ocrx_word' id='word_1_245' title='bbox 685 2535 855 2604; x_wconf 88' lang='lat' dir='ltr'>libidines</span> <span class='ocrx_word' id='word_1_246' title='bbox 880 2533 1050 2607; x_wconf 84' lang='lat' dir='ltr'>Italorum</span> 
     </span>
    </p>

    <p class='ocr_par' dir='ltr' id='par_1_16' title="bbox 55 2633 2092 3434">
     <span class='ocr_line' id='line_1_24' title="bbox 60 2633 1117 2726; baseline -0.002 -19"><span class='ocrx_word' id='word_1_247' title='bbox 60 2639 96 2707; x_wconf 91' lang='lat' dir='ltr'>in</span> <span class='ocrx_word' id='word_1_248' title='bbox 122 2637 242 2707; x_wconf 90' lang='lat' dir='ltr'>castris</span> <span class='ocrx_word' id='word_1_249' title='bbox 256 2633 377 2706; x_wconf 88' lang='lat' dir='ltr'>Caroli</span> <span class='ocrx_word' id='word_1_250' title='bbox 401 2639 487 2704; x_wconf 91' lang='lat' dir='ltr'>deus</span> <span class='ocrx_word' id='word_1_251' title='bbox 511 2638 581 2704; x_wconf 92' lang='lat' dir='ltr'>cito</span> <span class='ocrx_word' id='word_1_252' title='bbox 603 2636 738 2726; x_wconf 89' lang='lat' dir='ltr'>puniet.</span> <span class='ocrx_word' id='word_1_253' title='bbox 792 2635 900 2708; x_wconf 92' lang='lat' dir='ltr'>Venit</span> <span class='ocrx_word' id='word_1_254' title='bbox 922 2638 1052 2707; x_wconf 91' lang='lat' dir='ltr'>mulier</span> <span class='ocrx_word' id='word_1_255' title='bbox 1115 2674 1117 2682; x_wconf 89' lang='grc'><strong><em>·</em></strong></span> 
     </span>
     <span class='ocr_line' id='line_1_25' title="bbox 57 2719 2092 2827; baseline -0.003 -17"><span class='ocrx_word' id='word_1_256' title='bbox 57 2737 223 2810; x_wconf 87' lang='lat' dir='ltr'>Bavarica</span> <span class='ocrx_word' id='word_1_257' title='bbox 248 2736 286 2805; x_wconf 96' lang='lat' dir='ltr'>in</span> <span class='ocrx_word' id='word_1_258' title='bbox 310 2751 420 2806; x_wconf 87' lang='lat' dir='ltr'>castra</span> <span class='ocrx_word' id='word_1_259' title='bbox 443 2735 720 2808; x_wconf 83' lang='lat' dir='ltr'>Foederatorum</span> <span class='ocrx_word' id='word_1_260' title='bbox 744 2751 778 2810; x_wconf 91' lang='lat' dir='ltr'>et</span> <span class='ocrx_word' id='word_1_261' title='bbox 797 2738 956 2808; x_wconf 88' lang='lat' dir='ltr'>narravit</span> <span class='ocrx_word' id='word_1_262' title='bbox 977 2739 1050 2807; x_wconf 88' lang='lat' dir='ltr'>filio</span> <span class='ocrx_word' id='word_1_263' title='bbox 1093 2719 1137 2809; x_wconf 84' lang='lat' dir='ltr'>S.</span> <span class='ocrx_word' id='word_1_264' title='bbox 1165 2737 1211 2814; x_wconf 89' lang='lat' dir='ltr'>D.</span> <span class='ocrx_word' id='word_1_265' title='bbox 1263 2737 1505 2808; x_wconf 88' lang='lat' dir='ltr'>Illustrissime</span> <span class='ocrx_word' id='word_1_266' title='bbox 1525 2734 1696 2827; x_wconf 81' lang='lat' dir='ltr'>Princeps</span> <span class='ocrx_word' id='word_1_267' title='bbox 1724 2751 1758 2806; x_wconf 91' lang='lat' dir='ltr'>et</span> <span class='ocrx_word' id='word_1_268' title='bbox 1784 2734 2092 2808; x_wconf 88' lang='lat' dir='ltr'>Reverendissime</span> 
     </span>
     <span class='ocr_line' id='line_1_26' title="bbox 58 2831 2092 2932; baseline -0.001 -22"><span class='ocrx_word' id='word_1_269' title='bbox 58 2840 202 2931; x_wconf 83' lang='lat' dir='ltr'>parvulo</span> <span class='ocrx_word' id='word_1_270' title='bbox 224 2834 368 2908; x_wconf 83' lang='lat' dir='ltr'>brachia</span> <span class='ocrx_word' id='word_1_271' title='bbox 392 2851 425 2906; x_wconf 92' lang='lat' dir='ltr'>et</span> <span class='ocrx_word' id='word_1_272' title='bbox 449 2840 555 2928; x_wconf 88' lang='lat' dir='ltr'>pedes</span> <span class='ocrx_word' id='word_1_273' title='bbox 581 2840 754 2929; x_wconf 87' lang='lat' dir='ltr'>praecisos</span> <span class='ocrx_word' id='word_1_274' title='bbox 783 2864 878 2926; x_wconf 90' lang='lat' dir='ltr'>esse,</span> <span class='ocrx_word' id='word_1_275' title='bbox 911 2840 1050 2932; x_wconf 88' lang='lat' dir='ltr'>sibique</span> <span class='ocrx_word' id='word_1_276' title='bbox 1093 2841 1258 2910; x_wconf 88' lang='lat' dir='ltr'>Domine.</span> <span class='ocrx_word' id='word_1_277' title='bbox 1299 2839 1542 2909; x_wconf 87' lang='lat' dir='ltr'>Tabellarium</span> <span class='ocrx_word' id='word_1_278' title='bbox 1560 2831 1657 2908; x_wconf 87' lang='lat' dir='ltr'>hunc</span> <span class='ocrx_word' id='word_1_279' title='bbox 1673 2838 1796 2929; x_wconf 91' lang='lat' dir='ltr'>oppidi</span> <span class='ocrx_word' id='word_1_280' title='bbox 1814 2839 1927 2907; x_wconf 89' lang='lat' dir='ltr'>nostri</span> <span class='ocrx_word' id='word_1_281' title='bbox 1942 2840 1985 2907; x_wconf 90' lang='lat' dir='ltr'>ad</span> <span class='ocrx_word' id='word_1_282' title='bbox 2001 2834 2092 2908; x_wconf 90' lang='lat' dir='ltr'>Cels.</span> 
     </span>
     <span class='ocr_line' id='line_1_27' title="bbox 57 2934 2092 3034; baseline -0.004 -22"><span class='ocrx_word' id='word_1_283' title='bbox 57 2937 151 3012; x_wconf 87' lang='lat' dir='ltr'>bunc</span> <span class='ocrx_word' id='word_1_284' title='bbox 166 2964 343 3009; x_wconf 92' lang='lat' dir='ltr'>summum</span> <span class='ocrx_word' id='word_1_285' title='bbox 357 2940 517 3010; x_wconf 92' lang='lat' dir='ltr'>dolorem</span> <span class='ocrx_word' id='word_1_286' title='bbox 535 2941 659 3022; x_wconf 86' lang='lat' dir='ltr'>luisse,</span> <span class='ocrx_word' id='word_1_287' title='bbox 686 2942 782 3034; x_wconf 93' lang='lat' dir='ltr'>quod</span> <span class='ocrx_word' id='word_1_288' title='bbox 798 2942 847 3012; x_wconf 91' lang='lat' dir='ltr'>ita</span> <span class='ocrx_word' id='word_1_289' title='bbox 873 2943 1050 3011; x_wconf 89' lang='lat' dir='ltr'>excrucia·</span> <span class='ocrx_word' id='word_1_290' title='bbox 1095 2941 1138 3013; x_wconf 90' lang='lat' dir='ltr'>V.</span> <span class='ocrx_word' id='word_1_291' title='bbox 1158 2944 1280 3022; x_wconf 91' lang='lat' dir='ltr'>mitto,</span> <span class='ocrx_word' id='word_1_292' title='bbox 1314 2956 1355 3012; x_wconf 92' lang='lat' dir='ltr'>ut</span> <span class='ocrx_word' id='word_1_293' title='bbox 1376 2942 1511 3008; x_wconf 85' lang='lat' dir='ltr'>adserat</span> <span class='ocrx_word' id='word_1_294' title='bbox 1535 2940 1742 3008; x_wconf 87' lang='lat' dir='ltr'>concionem</span> <span class='ocrx_word' id='word_1_295' title='bbox 1769 2941 1813 3007; x_wconf 91' lang='lat' dir='ltr'>de</span> <span class='ocrx_word' id='word_1_296' title='bbox 1838 2940 1932 3009; x_wconf 89' lang='lat' dir='ltr'>dicto</span> <span class='ocrx_word' id='word_1_297' title='bbox 1955 2934 2092 3020; x_wconf 84' lang='lat' dir='ltr'>Esaiae,</span> 
     </span>
     <span class='ocr_line' id='line_1_28' title="bbox 56 3038 2090 3135; baseline -0.003 -22"><span class='ocrx_word' id='word_1_298' title='bbox 56 3038 200 3135; x_wconf 86' lang='lat' dir='ltr'>retur¹)</span> <span class='ocrx_word' id='word_1_299' title='bbox 224 3040 360 3124; x_wconf 86' lang='lat' dir='ltr'>infans,</span> <span class='ocrx_word' id='word_1_300' title='bbox 392 3065 437 3108; x_wconf 91' lang='lat' dir='ltr'>ne</span> <span class='ocrx_word' id='word_1_301' title='bbox 459 3041 577 3109; x_wconf 89' lang='lat' dir='ltr'>subito</span> <span class='ocrx_word' id='word_1_302' title='bbox 592 3044 682 3111; x_wconf 92' lang='lat' dir='ltr'>mori</span> <span class='ocrx_word' id='word_1_303' title='bbox 703 3058 828 3132; x_wconf 90' lang='lat' dir='ltr'>posset.</span> <span class='ocrx_word' id='word_1_304' title='bbox 880 3041 1050 3113; x_wconf 86' lang='lat' dir='ltr'>Deusre-</span> <span class='ocrx_word' id='word_1_305' title='bbox 1094 3048 1190 3135; x_wconf 91' lang='lat' dir='ltr'>quod</span> <span class='ocrx_word' id='word_1_306' title='bbox 1213 3057 1305 3113; x_wconf 81' lang='lat' dir='ltr'>extat</span> <span class='ocrx_word' id='word_1_307' title='bbox 1326 3042 1437 3133; x_wconf 86' lang='lat' dir='ltr'>capite</span> <span class='ocrx_word' id='word_1_308' title='bbox 1462 3038 1542 3112; x_wconf 84' lang='lat'>59.:</span> <span class='ocrx_word' id='word_1_309' title='bbox 1577 3039 1733 3131; x_wconf 89' lang='lat' dir='ltr'>Spiritus</span> <span class='ocrx_word' id='word_1_310' title='bbox 1754 3063 1873 3125; x_wconf 88' lang='lat' dir='ltr'>meus,</span> <span class='ocrx_word' id='word_1_311' title='bbox 1906 3039 1969 3133; x_wconf 93' lang='lat' dir='ltr'>qui</span> <span class='ocrx_word' id='word_1_312' title='bbox 1986 3038 2090 3108; x_wconf 88' lang='lat' dir='ltr'>estin</span> 
     </span>
     <span class='ocr_line' id='line_1_29' title="bbox 55 3139 2090 3236; baseline -0.004 -20"><span class='ocrx_word' id='word_1_313' title='bbox 55 3145 178 3236; x_wconf 81' lang='lat' dir='ltr'>spiciat</span> <span class='ocrx_word' id='word_1_314' title='bbox 200 3153 233 3209; x_wconf 88' lang='lat' dir='ltr'>et</span> <span class='ocrx_word' id='word_1_315' title='bbox 260 3140 357 3210; x_wconf 85' lang='lat' dir='ltr'>iuvet</span> <span class='ocrx_word' id='word_1_316' title='bbox 380 3165 456 3209; x_wconf 91' lang='lat' dir='ltr'>nos.</span> <span class='ocrx_word' id='word_1_317' title='bbox 514 3139 612 3210; x_wconf 87' lang='lat' dir='ltr'>Bene</span> <span class='ocrx_word' id='word_1_318' title='bbox 634 3144 758 3215; x_wconf 86' lang='lat' dir='ltr'>valete.</span> <span class='ocrx_word' id='word_1_319' title='bbox 810 3139 952 3213; x_wconf 87' lang='lat' dir='ltr'>Morus</span> <span class='ocrx_word' id='word_1_320' title='bbox 975 3168 1049 3213; x_wconf 90' lang='lat' dir='ltr'>non</span> <span class='ocrx_word' id='word_1_321' title='bbox 1092 3159 1144 3226; x_wconf 90' lang='lat' dir='ltr'>te,</span> <span class='ocrx_word' id='word_1_322' title='bbox 1176 3157 1211 3215; x_wconf 91' lang='lat' dir='ltr'>et</span> <span class='ocrx_word' id='word_1_323' title='bbox 1234 3147 1339 3214; x_wconf 88' lang='lat' dir='ltr'>verba</span> <span class='ocrx_word' id='word_1_324' title='bbox 1361 3167 1460 3225; x_wconf 91' lang='lat' dir='ltr'>mea,</span> <span class='ocrx_word' id='word_1_325' title='bbox 1487 3164 1576 3232; x_wconf 89' lang='lat' dir='ltr'>quae</span> <span class='ocrx_word' id='word_1_326' title='bbox 1596 3153 1681 3209; x_wconf 90' lang='lat' dir='ltr'>sunt</span> <span class='ocrx_word' id='word_1_327' title='bbox 1703 3142 1740 3208; x_wconf 91' lang='lat' dir='ltr'>in</span> <span class='ocrx_word' id='word_1_328' title='bbox 1756 3164 1817 3208; x_wconf 89' lang='lat' dir='ltr'>ore</span> <span class='ocrx_word' id='word_1_329' title='bbox 1833 3156 1912 3219; x_wconf 89' lang='lat' dir='ltr'>tuo,</span> <span class='ocrx_word' id='word_1_330' title='bbox 1939 3163 2014 3208; x_wconf 91' lang='lat' dir='ltr'>non</span> <span class='ocrx_word' id='word_1_331' title='bbox 2032 3163 2090 3208; x_wconf 92' lang='lat' dir='ltr'>re-</span> 
     </span>
     <span class='ocr_line' id='line_1_30' title="bbox 56 3233 2088 3329; baseline -0.003 -15"><span class='ocrx_word' id='word_1_332' title='bbox 56 3244 151 3314; x_wconf 86' lang='lat' dir='ltr'>renit</span> <span class='ocrx_word' id='word_1_333' title='bbox 176 3237 263 3325; x_wconf 92' lang='lat' dir='ltr'>huc,</span> <span class='ocrx_word' id='word_1_334' title='bbox 294 3255 327 3311; x_wconf 91' lang='lat' dir='ltr'>et</span> <span class='ocrx_word' id='word_1_335' title='bbox 349 3243 473 3310; x_wconf 90' lang='lat' dir='ltr'>doctor</span> <span class='ocrx_word' id='word_1_336' title='bbox 489 3233 687 3311; x_wconf 82' lang='lat' dir='ltr'>Plr&#39;cardus</span> <span class='ocrx_word' id='word_1_337' title='bbox 713 3245 760 3312; x_wconf 87' lang='lat' dir='ltr'>ait</span> <span class='ocrx_word' id='word_1_338' title='bbox 778 3269 814 3312; x_wconf 87' lang='lat' dir='ltr'>se</span> <span class='ocrx_word' id='word_1_339' title='bbox 831 3240 1047 3315; x_wconf 84' lang='lat' dir='ltr'>hortatorem</span> <span class='ocrx_word' id='word_1_340' title='bbox 1091 3247 1216 3316; x_wconf 89' lang='lat' dir='ltr'>cedent</span> <span class='ocrx_word' id='word_1_341' title='bbox 1237 3247 1360 3314; x_wconf 90' lang='lat' dir='ltr'>abore</span> <span class='ocrx_word' id='word_1_342' title='bbox 1378 3243 1532 3312; x_wconf 87' lang='lat' dir='ltr'>Seminis</span> <span class='ocrx_word' id='word_1_343' title='bbox 1549 3242 1612 3311; x_wconf 90' lang='lat' dir='ltr'>tui.</span> <span class='ocrx_word' id='word_1_344' title='bbox 1665 3239 1826 3329; x_wconf 85' lang='lat' dir='ltr'>Quaeso,</span> <span class='ocrx_word' id='word_1_345' title='bbox 1851 3254 1893 3311; x_wconf 94' lang='lat' dir='ltr'>ut</span> <span class='ocrx_word' id='word_1_346' title='bbox 1910 3239 2000 3313; x_wconf 90' lang='lat' dir='ltr'>Cels.</span> <span class='ocrx_word' id='word_1_347' title='bbox 2018 3238 2088 3308; x_wconf 92' lang='lat' dir='ltr'>Ve-</span> 
     </span>
     <span class='ocr_line' id='line_1_31' title="bbox 55 3337 2088 3434; baseline -0.004 -15"><span class='ocrx_word' id='word_1_348' title='bbox 55 3347 171 3427; x_wconf 85' lang='lat' dir='ltr'>luisse,</span> <span class='ocrx_word' id='word_1_349' title='bbox 196 3355 236 3412; x_wconf 93' lang='lat' dir='ltr'>ut</span> <span class='ocrx_word' id='word_1_350' title='bbox 252 3337 455 3429; x_wconf 88' lang='lat' dir='ltr'>maneret²)</span> <span class='ocrx_word' id='word_1_351' title='bbox 474 3341 626 3432; x_wconf 83' lang='lat' dir='ltr'>Lipsiae.</span> <span class='ocrx_word' id='word_1_352' title='bbox 660 3342 794 3434; x_wconf 89' lang='lat' dir='ltr'>Scripsi</span> <span class='ocrx_word' id='word_1_353' title='bbox 810 3346 919 3432; x_wconf 90' lang='lat' dir='ltr'>igitur</span> <span class='ocrx_word' id='word_1_354' title='bbox 936 3344 1047 3414; x_wconf 89' lang='lat' dir='ltr'>Ham·</span> <span class='ocrx_word' id='word_1_355' title='bbox 1091 3360 1162 3416; x_wconf 89' lang='lat' dir='ltr'>stra</span> <span class='ocrx_word' id='word_1_356' title='bbox 1185 3343 1276 3415; x_wconf 92' lang='lat' dir='ltr'>mihi</span> <span class='ocrx_word' id='word_1_357' title='bbox 1297 3344 1488 3434; x_wconf 87' lang='lat' dir='ltr'>significari</span> <span class='ocrx_word' id='word_1_358' title='bbox 1504 3356 1620 3427; x_wconf 90' lang='lat' dir='ltr'>curet,</span> <span class='ocrx_word' id='word_1_359' title='bbox 1651 3367 1699 3410; x_wconf 90' lang='lat' dir='ltr'>an</span> <span class='ocrx_word' id='word_1_360' title='bbox 1718 3341 1870 3411; x_wconf 89' lang='lat' dir='ltr'>nuncius</span> <span class='ocrx_word' id='word_1_361' title='bbox 1888 3338 2088 3411; x_wconf 88' lang='lat' dir='ltr'>exhibuerit</span> 
     </span>
    </p>
   </div>
   <div class='ocr_carea' id='block_1_13' title="bbox 1261 2578 1922 2682">
    <p class='ocr_par' dir='ltr' id='par_1_17' title="bbox 1261 2578 1922 2682">
     <span class='ocr_line' id='line_1_32' title="bbox 1261 2578 1922 2682; baseline -0.003 -25"><span class='ocrx_word' id='word_1_362' title='bbox 1261 2581 1439 2680; x_wconf 79' lang='lat' dir='ltr'>Georgi</span> <span class='ocrx_word' id='word_1_363' title='bbox 1446 2611 1485 2671; x_wconf 91' lang='lat' dir='ltr'>o,</span> <span class='ocrx_word' id='word_1_364' title='bbox 1514 2579 1685 2682; x_wconf 80' lang='lat' dir='ltr'>Principr&#39;</span> <span class='ocrx_word' id='word_1_365' title='bbox 1697 2578 1922 2672; x_wconf 80' lang='lat' dir='ltr'>Anhaltino,</span> 
     </span>
    </p>
   </div>
   <div class='ocr_carea' id='block_1_14' title="bbox 56 3438 2207 3540">
    <p class='ocr_par' dir='ltr' id='par_1_18' title="bbox 56 3438 2207 3540">
     <span class='ocr_line' id='line_1_33' title="bbox 56 3438 2207 3540; baseline -0.003 -24"><span class='ocrx_word' id='word_1_366' title='bbox 56 3446 174 3516; x_wconf 92' lang='lat' dir='ltr'>monio</span> <span class='ocrx_word' id='word_1_367' title='bbox 195 3457 229 3512; x_wconf 90' lang='lat' dir='ltr'>et</span> <span class='ocrx_word' id='word_1_368' title='bbox 251 3445 296 3513; x_wconf 92' lang='lat' dir='ltr'>ab</span> <span class='ocrx_word' id='word_1_369' title='bbox 320 3445 397 3537; x_wconf 92' lang='lat' dir='ltr'>ipso</span> <span class='ocrx_word' id='word_1_370' title='bbox 414 3438 447 3540; x_wconf 85' lang='lat'>³)</span> <span class='ocrx_word' id='word_1_371' title='bbox 468 3443 587 3515; x_wconf 89' lang='lat' dir='ltr'>literas</span> <span class='ocrx_word' id='word_1_372' title='bbox 603 3459 758 3536; x_wconf 83' lang='lat' dir='ltr'>expecto.</span> <span class='ocrx_word' id='word_1_373' title='bbox 810 3444 908 3515; x_wconf 91' lang='lat' dir='ltr'>Bene</span> <span class='ocrx_word' id='word_1_374' title='bbox 923 3449 1046 3523; x_wconf 88' lang='lat' dir='ltr'>valete.</span> <span class='ocrx_word' id='word_1_375' title='bbox 1091 3472 1167 3517; x_wconf 91' lang='lat' dir='ltr'>eam</span> <span class='ocrx_word' id='word_1_376' title='bbox 1188 3448 1385 3517; x_wconf 91' lang='lat' dir='ltr'>orationem</span> <span class='ocrx_word' id='word_1_377' title='bbox 1404 3444 1572 3527; x_wconf 82' lang='lat' dir='ltr'>fideliter,</span> <span class='ocrx_word' id='word_1_378' title='bbox 1598 3457 1637 3513; x_wconf 94' lang='lat' dir='ltr'>ut</span> <span class='ocrx_word' id='word_1_379' title='bbox 1654 3444 1751 3512; x_wconf 92' lang='lat' dir='ltr'>iussi.</span> <span class='ocrx_word' id='word_1_380' title='bbox 1801 3440 2007 3513; x_wconf 90' lang='lat' dir='ltr'>Consolatio</span> <span class='ocrx_word' id='word_1_381' title='bbox 2024 3458 2086 3520; x_wconf 85' lang='lat' dir='ltr'>est,</span> <span class='ocrx_word' id='word_1_382' title='bbox 2199 3507 2207 3521; x_wconf 71' lang='grc'>,</span> 
     </span>
    </p>
   </div>
   <div class='ocr_carea' id='block_1_15' title="bbox 54 3539 2086 3746">
    <p class='ocr_par' dir='ltr' id='par_1_19' title="bbox 54 3539 2086 3746">
     <span class='ocr_line' id='line_1_34' title="bbox 54 3539 2086 3643; baseline -0.005 -22"><span class='ocrx_word' id='word_1_383' title='bbox 54 3548 115 3622; x_wconf 86' lang='lat' dir='ltr'>Die</span> <span class='ocrx_word' id='word_1_384' title='bbox 128 3547 257 3618; x_wconf 86' lang='lat' dir='ltr'>Lucae.</span> <span class='ocrx_word' id='word_1_385' title='bbox 1091 3548 1196 3643; x_wconf 82' lang='lat' dir='ltr'>qua&#39;m</span> <span class='ocrx_word' id='word_1_386' title='bbox 1213 3545 1384 3638; x_wconf 91' lang='lat' dir='ltr'>mihiipsi</span> <span class='ocrx_word' id='word_1_387' title='bbox 1403 3569 1504 3637; x_wconf 88' lang='lat' dir='ltr'>saepe</span> <span class='ocrx_word' id='word_1_388' title='bbox 1520 3568 1693 3636; x_wconf 89' lang='lat' dir='ltr'>propono.</span> <span class='ocrx_word' id='word_1_389' title='bbox 1747 3539 1932 3628; x_wconf 81' lang='lat' dir='ltr'>Arbitror,</span> <span class='ocrx_word' id='word_1_390' title='bbox 1957 3557 1991 3615; x_wconf 88' lang='lat' dir='ltr'>et</span> <span class='ocrx_word' id='word_1_391' title='bbox 2003 3541 2086 3614; x_wconf 84' lang='lat' dir='ltr'>Cel-</span> 
     </span>
     <span class='ocr_line' id='line_1_35' title="bbox 745 3642 2085 3746; baseline -0.003 -29"><span class='ocrx_word' id='word_1_392' title='bbox 745 3642 937 3742; x_wconf 90' lang='lat' dir='ltr'>Pbilippus</span> <span class='ocrx_word' id='word_1_393' title='bbox 952 3649 995 3746; x_wconf 85' lang='lat'>⁴).</span> <span class='ocrx_word' id='word_1_394' title='bbox 1090 3649 1197 3724; x_wconf 92' lang='lat' dir='ltr'>situd.</span> <span class='ocrx_word' id='word_1_395' title='bbox 1212 3649 1358 3719; x_wconf 77' lang='lat' dir='ltr'>Vestrae</span> <span class='ocrx_word' id='word_1_396' title='bbox 1373 3661 1407 3717; x_wconf 89' lang='lat' dir='ltr'>ct</span> <span class='ocrx_word' id='word_1_397' title='bbox 1421 3647 1500 3715; x_wconf 83' lang='lat' dir='ltr'>aliis</span> <span class='ocrx_word' id='word_1_398' title='bbox 1512 3645 1581 3736; x_wconf 87' lang='lat' dir='ltr'>piis</span> <span class='ocrx_word' id='word_1_399' title='bbox 1596 3659 1734 3735; x_wconf 91' lang='lat' dir='ltr'>gratum</span> <span class='ocrx_word' id='word_1_400' title='bbox 1750 3647 1838 3718; x_wconf 87' lang='lat' dir='ltr'>fore.</span> <span class='ocrx_word' id='word_1_401' title='bbox 1881 3644 1973 3717; x_wconf 90' lang='lat' dir='ltr'>Cum</span> <span class='ocrx_word' id='word_1_402' title='bbox 1989 3646 2085 3714; x_wconf 89' lang='lat' dir='ltr'>enim</span> 
     </span>
    </p>
   </div>
   <div class='ocr_carea' id='block_1_16' title="bbox 58 3745 2085 3879">
    <p class='ocr_par' dir='ltr' id='par_1_20' title="bbox 58 3745 2085 3879">
     <span class='ocr_line' id='line_1_36' title="bbox 1089 3745 2085 3844; baseline -0.004 -24"><span class='ocrx_word' id='word_1_403' title='bbox 1089 3753 1237 3844; x_wconf 87' lang='lat' dir='ltr'>imperia</span> <span class='ocrx_word' id='word_1_404' title='bbox 1259 3764 1377 3820; x_wconf 87' lang='lat' dir='ltr'>tantos</span> <span class='ocrx_word' id='word_1_405' title='bbox 1400 3748 1575 3818; x_wconf 86' lang='lat' dir='ltr'>turnultus</span> <span class='ocrx_word' id='word_1_406' title='bbox 1598 3746 1767 3830; x_wconf 81' lang='lat' dir='ltr'>excitent,</span> <span class='ocrx_word' id='word_1_407' title='bbox 1792 3745 1875 3834; x_wconf 89' lang='lat' dir='ltr'>augi</span> <span class='ocrx_word' id='word_1_408' title='bbox 1898 3759 1991 3816; x_wconf 90' lang='lat' dir='ltr'>certe</span> <span class='ocrx_word' id='word_1_409' title='bbox 2005 3748 2085 3816; x_wconf 92' lang='lat' dir='ltr'>ani-</span> 
     </span>
     <span class='ocr_line' id='line_1_37' title="bbox 58 3846 1042 3879; baseline -0.005 0"><span class='ocrx_word' id='word_1_410' title='bbox 58 3846 1042 3879; x_wconf 47' lang='lat' dir='ltr'>mm</span> 
     </span>
    </p>
   </div>
   <div class='ocr_carea' id='block_1_17' title="bbox 37 4047 2080 5030">
    <p class='ocr_par' dir='ltr' id='par_1_21' title="bbox 43 4047 2080 4957">
     <span class='ocr_line' id='line_1_38' title="bbox 863 4047 2080 4142; baseline -0.011 -9"><span class='ocrx_word' id='word_1_411' title='bbox 863 4104 1035 4133; x_wconf 53' lang='lat' dir='ltr'><em>m</em></span> <span class='ocrx_word' id='word_1_412' title='bbox 1087 4071 1162 4126; x_wconf 87' lang='lat' dir='ltr'>ctus</span> <span class='ocrx_word' id='word_1_413' title='bbox 1184 4055 1440 4126; x_wconf 89' lang='lat' dir='ltr'>moderabitur.</span> <span class='ocrx_word' id='word_1_414' title='bbox 1490 4047 1546 4120; x_wconf 82' lang='lat' dir='ltr'>Ex</span> <span class='ocrx_word' id='word_1_415' title='bbox 1570 4051 1712 4133; x_wconf 89' lang='lat' dir='ltr'>castris,</span> <span class='ocrx_word' id='word_1_416' title='bbox 1743 4064 1932 4141; x_wconf 89' lang='lat' dir='ltr'>quaesunt</span> <span class='ocrx_word' id='word_1_417' title='bbox 1949 4051 2080 4142; x_wconf 89' lang='lat' dir='ltr'>inripa</span> 
     </span>
     <span class='ocr_line' id='line_1_39' title="bbox 1085 4146 2080 4248; baseline -0.006 -22"><span class='ocrx_word' id='word_1_418' title='bbox 1085 4156 1245 4229; x_wconf 88' lang='lat' dir='ltr'>Danubii</span> <span class='ocrx_word' id='word_1_419' title='bbox 1260 4156 1452 4248; x_wconf 90' lang='lat' dir='ltr'>accipimus</span> <span class='ocrx_word' id='word_1_420' title='bbox 1466 4153 1598 4235; x_wconf 86' lang='lat' dir='ltr'>literas,</span> <span class='ocrx_word' id='word_1_421' title='bbox 1621 4153 1679 4221; x_wconf 87' lang='lat' dir='ltr'>die</span> <span class='ocrx_word' id='word_1_422' title='bbox 1694 4150 1860 4245; x_wconf 90' lang='lat' dir='ltr'>Dionysii</span> <span class='ocrx_word' id='word_1_423' title='bbox 1877 4146 1901 4242; x_wconf 89' lang='lat'>¹)</span> <span class='ocrx_word' id='word_1_424' title='bbox 1922 4151 2080 4241; x_wconf 86' lang='lat' dir='ltr'>scriptas,</span> 
     </span>
     <span class='ocr_line' id='line_1_40' title="bbox 1032 4253 2080 4352; baseline -0.01 -22"><span class='ocrx_word' id='word_1_425' title='bbox 1032 4279 1037 4287; x_wconf 82' lang='grc'><strong>’</strong></span> <span class='ocrx_word' id='word_1_426' title='bbox 1085 4283 1174 4352; x_wconf 88' lang='lat' dir='ltr'>quae</span> <span class='ocrx_word' id='word_1_427' title='bbox 1189 4259 1405 4328; x_wconf 88' lang='lat' dir='ltr'>mentionem</span> <span class='ocrx_word' id='word_1_428' title='bbox 1423 4254 1599 4325; x_wconf 89' lang='lat' dir='ltr'>faciebant</span> <span class='ocrx_word' id='word_1_429' title='bbox 1616 4254 1913 4324; x_wconf 86' lang='lat' dir='ltr'>deliberationum</span> <span class='ocrx_word' id='word_1_430' title='bbox 1932 4253 1976 4320; x_wconf 89' lang='lat' dir='ltr'>de</span> <span class='ocrx_word' id='word_1_431' title='bbox 1993 4275 2080 4320; x_wconf 91' lang='lat' dir='ltr'>con-</span> 
     </span>
     <span class='ocr_line' id='line_1_41' title="bbox 147 4341 2077 4450; baseline -0.007 -13"><span class='ocrx_word' id='word_1_432' title='bbox 147 4346 261 4420; x_wconf 65' lang='lat' dir='ltr'>EP⁵⁸¹⁰¹·</span> <span class='ocrx_word' id='word_1_433' title='bbox 281 4343 329 4398; x_wconf 61' lang='lat'><strong>¹³¹¹·</strong></span> <span class='ocrx_word' id='word_1_434' title='bbox 346 4341 381 4398; x_wconf 69' lang='lat' dir='ltr'>v·</span> <span class='ocrx_word' id='word_1_435' title='bbox 402 4361 428 4413; x_wconf 79' lang='lat' dir='ltr'>P·</span> <span class='ocrx_word' id='word_1_436' title='bbox 448 4342 491 4399; x_wconf 70' lang='lat'>⁶⁴·</span> <span class='ocrx_word' id='word_1_437' title='bbox 1084 4361 1282 4430; x_wconf 87' lang='lat' dir='ltr'>ditionibus</span> <span class='ocrx_word' id='word_1_438' title='bbox 1304 4357 1418 4450; x_wconf 87' lang='lat' dir='ltr'>pacis,</span> <span class='ocrx_word' id='word_1_439' title='bbox 1443 4379 1570 4449; x_wconf 91' lang='lat' dir='ltr'>quam,</span> <span class='ocrx_word' id='word_1_440' title='bbox 1594 4355 1664 4424; x_wconf 91' lang='lat' dir='ltr'>nisi</span> <span class='ocrx_word' id='word_1_441' title='bbox 1686 4357 1772 4423; x_wconf 90' lang='lat' dir='ltr'>deus</span> <span class='ocrx_word' id='word_1_442' title='bbox 1788 4352 1924 4423; x_wconf 81' lang='lat' dir='ltr'>flexerit</span> <span class='ocrx_word' id='word_1_443' title='bbox 1939 4353 2077 4423; x_wconf 88' lang='lat' dir='ltr'>animos</span> 
     </span>
     <span class='ocr_line' id='line_1_42' title="bbox 1083 4453 2077 4554; baseline -0.007 -23"><span class='ocrx_word' id='word_1_444' title='bbox 1083 4461 1261 4554; x_wconf 83' lang='lat' dir='ltr'>utrimque</span> <span class='ocrx_word' id='word_1_445' title='bbox 1281 4462 1327 4529; x_wconf 89' lang='lat' dir='ltr'>ad</span> <span class='ocrx_word' id='word_1_446' title='bbox 1346 4459 1510 4553; x_wconf 89' lang='lat' dir='ltr'>aequiora</span> <span class='ocrx_word' id='word_1_447' title='bbox 1528 4456 1697 4538; x_wconf 89' lang='lat' dir='ltr'>consilia,</span> <span class='ocrx_word' id='word_1_448' title='bbox 1722 4455 1780 4522; x_wconf 83' lang='lat' dir='ltr'>vix</span> <span class='ocrx_word' id='word_1_449' title='bbox 1796 4475 1895 4544; x_wconf 86' lang='lat' dir='ltr'>posse</span> <span class='ocrx_word' id='word_1_450' title='bbox 1908 4453 1985 4524; x_wconf 85' lang='lat' dir='ltr'>fieri</span> <span class='ocrx_word' id='word_1_451' title='bbox 2001 4477 2077 4524; x_wconf 90' lang='lat' dir='ltr'>me-</span> 
     </span>
     <span class='ocr_line' id='line_1_43' title="bbox 1082 4550 2077 4641; baseline -0.005 -8"><span class='ocrx_word' id='word_1_452' title='bbox 1082 4575 1155 4635; x_wconf 90' lang='lat' dir='ltr'>tuo.</span> <span class='ocrx_word' id='word_1_453' title='bbox 1207 4561 1277 4633; x_wconf 88' lang='lat' dir='ltr'>Sed</span> <span class='ocrx_word' id='word_1_454' title='bbox 1298 4564 1404 4632; x_wconf 86' lang='lat' dir='ltr'>deum</span> <span class='ocrx_word' id='word_1_455' title='bbox 1426 4580 1583 4641; x_wconf 88' lang='lat' dir='ltr'>oremus,</span> <span class='ocrx_word' id='word_1_456' title='bbox 1607 4569 1647 4625; x_wconf 91' lang='lat' dir='ltr'>ut</span> <span class='ocrx_word' id='word_1_457' title='bbox 1663 4550 1727 4623; x_wconf 92' lang='lat' dir='ltr'>hos</span> <span class='ocrx_word' id='word_1_458' title='bbox 1743 4568 1859 4624; x_wconf 87' lang='lat' dir='ltr'>motus</span> <span class='ocrx_word' id='word_1_459' title='bbox 1875 4556 2016 4636; x_wconf 82' lang='lat' dir='ltr'>sedare,</span> <span class='ocrx_word' id='word_1_460' title='bbox 2041 4571 2077 4628; x_wconf 91' lang='lat' dir='ltr'>et</span> 
     </span>
     <span class='ocr_line' id='line_1_44' title="bbox 45 4634 2075 4753; baseline -0.003 -13"><span class='ocrx_word' id='word_1_461' title='bbox 45 4634 89 4726; x_wconf 77' lang='lat' dir='ltr'>s·</span> <span class='ocrx_word' id='word_1_462' title='bbox 111 4650 161 4728; x_wconf 91' lang='lat' dir='ltr'>D.</span> <span class='ocrx_word' id='word_1_463' title='bbox 211 4648 331 4720; x_wconf 63' lang='grc' dir='ltr'>Ηθάῑθ</span> <span class='ocrx_word' id='word_1_464' title='bbox 346 4647 471 4717; x_wconf 56' lang='lat' dir='ltr'>allam</span> <span class='ocrx_word' id='word_1_465' title='bbox 487 4649 708 4719; x_wconf 67' lang='lat' dir='ltr'>³⁰¹¹llll&#39;01&#39;20</span> <span class='ocrx_word' id='word_1_466' title='bbox 725 4673 765 4718; x_wconf 73' lang='lat'>²¹</span> <span class='ocrx_word' id='word_1_467' title='bbox 782 4650 925 4733; x_wconf 61' lang='lat' dir='ltr'>⁶2⁸²er</span> <span class='ocrx_word' id='word_1_468' title='bbox 947 4676 1036 4746; x_wconf 87' lang='lat' dir='ltr'>quae</span> <span class='ocrx_word' id='word_1_469' title='bbox 1079 4685 1198 4753; x_wconf 85' lang='lat' dir='ltr'>regere</span> <span class='ocrx_word' id='word_1_470' title='bbox 1213 4660 1407 4733; x_wconf 87' lang='lat' dir='ltr'>Ecclesiam</span> <span class='ocrx_word' id='word_1_471' title='bbox 1430 4675 1465 4731; x_wconf 87' lang='lat' dir='ltr'>et</span> <span class='ocrx_word' id='word_1_472' title='bbox 1482 4658 1665 4747; x_wconf 86' lang='lat' dir='ltr'>Principes</span> <span class='ocrx_word' id='word_1_473' title='bbox 1686 4655 1814 4744; x_wconf 92' lang='lat' dir='ltr'>spiritu</span> <span class='ocrx_word' id='word_1_474' title='bbox 1838 4670 1958 4728; x_wconf 85' lang='lat' dir='ltr'>sancto</span> <span class='ocrx_word' id='word_1_475' title='bbox 1977 4658 2075 4733; x_wconf 87' lang='lat' dir='ltr'>velit.</span> 
     </span>
     <span class='ocr_line' id='line_1_45' title="bbox 44 4748 1921 4847; baseline -0.003 -11"><span class='ocrx_word' id='word_1_476' title='bbox 44 4771 126 4829; x_wconf 73' lang='lat' dir='ltr'>tunt</span> <span class='ocrx_word' id='word_1_477' title='bbox 147 4754 187 4824; x_wconf 70' lang='lat'>111</span> <span class='ocrx_word' id='word_1_478' title='bbox 207 4752 283 4843; x_wconf 70' lang='lat' dir='ltr'>ripa</span> <span class='ocrx_word' id='word_1_479' title='bbox 304 4748 483 4832; x_wconf 66' lang='lat' dir='ltr'>Danubii,</span> <span class='ocrx_word' id='word_1_480' title='bbox 514 4750 664 4839; x_wconf 69' lang='lat' dir='ltr'>scrit)lae</span> <span class='ocrx_word' id='word_1_481' title='bbox 687 4751 745 4819; x_wconf 67' lang='lat' dir='ltr'>dle</span> <span class='ocrx_word' id='word_1_482' title='bbox 765 4748 940 4847; x_wconf 63' lang='grc' dir='ltr'>Πῑθῦγδῑῖ·</span> <span class='ocrx_word' id='word_1_483' title='bbox 993 4752 1034 4824; x_wconf 80' lang='lat' dir='ltr'>ln</span> <span class='ocrx_word' id='word_1_484' title='bbox 1078 4764 1177 4836; x_wconf 88' lang='lat' dir='ltr'>Bene</span> <span class='ocrx_word' id='word_1_485' title='bbox 1192 4767 1306 4835; x_wconf 90' lang='lat' dir='ltr'>valeat</span> <span class='ocrx_word' id='word_1_486' title='bbox 1320 4762 1442 4837; x_wconf 89' lang='lat' dir='ltr'>Celsit.</span> <span class='ocrx_word' id='word_1_487' title='bbox 1459 4758 1555 4832; x_wconf 89' lang='lat' dir='ltr'>Vest.</span> <span class='ocrx_word' id='word_1_488' title='bbox 1598 4756 1776 4827; x_wconf 86' lang='lat' dir='ltr'>Postridie</span> <span class='ocrx_word' id='word_1_489' title='bbox 1791 4756 1921 4833; x_wconf 86' lang='lat' dir='ltr'>Lucae.</span> 
     </span>
     <span class='ocr_line' id='line_1_46' title="bbox 43 4851 1670 4957; baseline -0.007 -26"><span class='ocrx_word' id='word_1_490' title='bbox 43 4861 174 4957; x_wconf 87' lang='lat' dir='ltr'>quibus</span> <span class='ocrx_word' id='word_1_491' title='bbox 196 4852 329 4923; x_wconf 89' lang='lat' dir='ltr'>mentio</span> <span class='ocrx_word' id='word_1_492' title='bbox 352 4863 402 4921; x_wconf 89' lang='lat' dir='ltr'>cst</span> <span class='ocrx_word' id='word_1_493' title='bbox 421 4851 717 4923; x_wconf 88' lang='lat' dir='ltr'>deliberationum</span> <span class='ocrx_word' id='word_1_494' title='bbox 733 4854 777 4923; x_wconf 92' lang='lat' dir='ltr'>de</span> <span class='ocrx_word' id='word_1_495' title='bbox 790 4877 894 4944; x_wconf 87' lang='lat' dir='ltr'>pace,</span> <span class='ocrx_word' id='word_1_496' title='bbox 928 4879 1033 4948; x_wconf 87' lang='lat' dir='ltr'>quam</span> <span class='ocrx_word' id='word_1_497' title='bbox 1492 4856 1670 4933; x_wconf 76' lang='lat' dir='ltr'>V,Celsi1,</span> 
     </span>
    </p>

    <p class='ocr_par' dir='ltr' id='par_1_22' title="bbox 37 4960 1988 5030">
     <span class='ocr_line' id='line_1_47' title="bbox 37 4960 1988 5030; baseline 0.001 -1"><span class='ocrx_word' id='word_1_498' title='bbox 37 5012 251 5029; x_wconf 80' lang='grc'>--...-....</span> <span class='ocrx_word' id='word_1_499' title='bbox 1727 4960 1988 5030; x_wconf 86' lang='lat' dir='ltr'>addictissimus</span> 
     </span>
    </p>
   </div>
   <div class='ocr_carea' id='block_1_18' title="bbox 71 5057 2021 5213">
    <p class='ocr_par' dir='ltr' id='par_1_23' title="bbox 71 5057 2021 5213">
     <span class='ocr_line' id='line_1_48' title="bbox 71 5057 2021 5160; baseline -0.007 -28"><span class='ocrx_word' id='word_1_500' title='bbox 71 5080 102 5148; x_wconf 75' lang='lat'>1)</span> <span class='ocrx_word' id='word_1_501' title='bbox 118 5076 187 5160; x_wconf 66' lang='lat' dir='ltr'>Mst.</span> <span class='ocrx_word' id='word_1_502' title='bbox 204 5074 352 5157; x_wconf 72' lang='lat' dir='ltr'>Portenses</span> <span class='ocrx_word' id='word_1_503' title='bbox 375 5071 561 5126; x_wconf 78' lang='lat' dir='ltr'>cruciaretur.</span> <span class='ocrx_word' id='word_1_504' title='bbox 600 5070 644 5127; x_wconf 80' lang='lat' dir='ltr'>Do</span> <span class='ocrx_word' id='word_1_505' title='bbox 662 5072 820 5131; x_wconf 78' lang='lat' dir='ltr'>crudelitate</span> <span class='ocrx_word' id='word_1_506' title='bbox 837 5073 955 5130; x_wconf 88' lang='lat' dir='ltr'>rnilitum</span> <span class='ocrx_word' id='word_1_507' title='bbox 974 5076 1030 5134; x_wconf 86' lang='lat' dir='ltr'>rid.</span> <span class='ocrx_word' id='word_1_508' title='bbox 1679 5057 1774 5135; x_wconf 73' lang='lat' dir='ltr'>Phil,</span> <span class='ocrx_word' id='word_1_509' title='bbox 1795 5059 2021 5135; x_wconf 67' lang='lat' dir='ltr'>Melanthon,</span> 
     </span>
     <span class='ocr_line' id='line_1_49' title="bbox 105 5139 555 5213; baseline -0.018 -11"><span class='ocrx_word' id='word_1_510' title='bbox 105 5145 227 5202; x_wconf 81' lang='lat' dir='ltr'>Slerdau.</span> <span class='ocrx_word' id='word_1_511' title='bbox 241 5163 269 5198; x_wconf 87' lang='lat' dir='ltr'>rn</span> <span class='ocrx_word' id='word_1_512' title='bbox 287 5152 437 5199; x_wconf 86' lang='lat' dir='ltr'>comment.</span> <span class='ocrx_word' id='word_1_513' title='bbox 455 5160 481 5213; x_wconf 87' lang='lat' dir='ltr'>p.</span> <span class='ocrx_word' id='word_1_514' title='bbox 496 5139 555 5195; x_wconf 80' lang='lat'>551.</span> 
     </span>
    </p>
   </div>
   <div class='ocr_carea' id='block_1_19' title="bbox 67 5229 1689 5383">
    <p class='ocr_par' dir='ltr' id='par_1_24' title="bbox 67 5229 1689 5383">
     <span class='ocr_line' id='line_1_50' title="bbox 67 5229 424 5299; baseline 0 -14"><span class='ocrx_word' id='word_1_515' title='bbox 67 5231 99 5299; x_wconf 72' lang='grc' dir='ltr'>Ι)</span> <span class='ocrx_word' id='word_1_516' title='bbox 115 5231 183 5285; x_wconf 73' lang='lat' dir='ltr'>Mat.</span> <span class='ocrx_word' id='word_1_517' title='bbox 202 5229 280 5283; x_wconf 78' lang='lat' dir='ltr'>Pom</span> <span class='ocrx_word' id='word_1_518' title='bbox 297 5235 424 5284; x_wconf 76' lang='lat' dir='ltr'>maneat.</span> 
     </span>
     <span class='ocr_line' id='line_1_51' title="bbox 67 5301 1689 5383; baseline -0.007 -14"><span class='ocrx_word' id='word_1_519' title='bbox 67 5312 98 5383; x_wconf 74' lang='grc'>8)</span> <span class='ocrx_word' id='word_1_520' title='bbox 116 5314 185 5368; x_wconf 75' lang='lat' dir='ltr'>Mat.</span> <span class='ocrx_word' id='word_1_521' title='bbox 202 5311 281 5366; x_wconf 84' lang='lat' dir='ltr'>Port.</span> <span class='ocrx_word' id='word_1_522' title='bbox 299 5327 343 5362; x_wconf 84' lang='lat' dir='ltr'>eo.</span> <span class='ocrx_word' id='word_1_523' title='bbox 1107 5301 1236 5372; x_wconf 57' lang='lat' dir='ltr'>Moab.</span> <span class='ocrx_word' id='word_1_524' title='bbox 1252 5301 1373 5369; x_wconf 66' lang='lat' dir='ltr'>meua,</span> <span class='ocrx_word' id='word_1_525' title='bbox 1398 5302 1472 5376; x_wconf 80' lang='lat' dir='ltr'>quod</span> <span class='ocrx_word' id='word_1_526' title='bbox 1490 5302 1621 5358; x_wconf 74' lang='lat' dir='ltr'>muudum</span> <span class='ocrx_word' id='word_1_527' title='bbox 1640 5312 1689 5358; x_wconf 82' lang='lat' dir='ltr'>ert.</span> 
     </span>
    </p>
   </div>
   <div class='ocr_carea' id='block_1_20' title="bbox 64 5386 1401 5472">
    <p class='ocr_par' dir='ltr' id='par_1_25' title="bbox 64 5386 1401 5472">
     <span class='ocr_line' id='line_1_52' title="bbox 64 5386 1401 5472; baseline -0.01 -15"><span class='ocrx_word' id='word_1_528' title='bbox 64 5397 97 5472; x_wconf 70' lang='grc'>4)</span> <span class='ocrx_word' id='word_1_529' title='bbox 114 5399 181 5457; x_wconf 78' lang='lat' dir='ltr'>Mat.</span> <span class='ocrx_word' id='word_1_530' title='bbox 200 5397 277 5453; x_wconf 76' lang='lat' dir='ltr'>eoa.</span> <span class='ocrx_word' id='word_1_531' title='bbox 295 5395 440 5464; x_wconf 62' lang='lat' dir='ltr'>aarum</span> <span class='ocrx_word' id='word_1_532' title='bbox 456 5392 631 5455; x_wconf 74' lang='lat' dir='ltr'>tteaaeaon.</span> <span class='ocrx_word' id='word_1_533' title='bbox 712 5421 714 5426; x_wconf 36' lang='lat' dir='ltr'>v</span> <span class='ocrx_word' id='word_1_534' title='bbox 1099 5393 1127 5463; x_wconf 80' lang='lat' dir='ltr'>l)</span> <span class='ocrx_word' id='word_1_535' title='bbox 1144 5388 1164 5444; x_wconf 87' lang='lat' dir='ltr'>i.</span> <span class='ocrx_word' id='word_1_536' title='bbox 1179 5408 1204 5448; x_wconf 76' lang='lat' dir='ltr'>e.</span> <span class='ocrx_word' id='word_1_537' title='bbox 1218 5388 1245 5446; x_wconf 84' lang='lat' dir='ltr'>d.</span> <span class='ocrx_word' id='word_1_538' title='bbox 1258 5388 1284 5447; x_wconf 78' lang='lat'>9.</span> <span class='ocrx_word' id='word_1_539' title='bbox 1299 5386 1401 5448; x_wconf 82' lang='lat' dir='ltr'>Ostob.</span> 
     </span>
    </p>
   </div>
   <div class='ocr_carea' id='block_1_21' title="bbox 53 3944 2082 4084">
    <p class='ocr_par' dir='ltr' id='par_1_26' title="bbox 53 3944 2082 4084">
     <span class='ocr_line' id='line_1_53' title="bbox 53 3944 2082 4084; baseline -0.025 -26"><span class='ocrx_word' id='word_1_540' title='bbox 53 4008 113 4084; x_wconf 49' lang='lat' dir='ltr'>No·</span> <span class='ocrx_word' id='word_1_541' title='bbox 131 4007 245 4083; x_wconf 48' lang='lat'>3573,</span> <span class='ocrx_word' id='word_1_542' title='bbox 894 4023 907 4081; x_wconf 67' lang='lat'><strong>¹</strong></span> <span class='ocrx_word' id='word_1_543' title='bbox 917 4024 949 4082; x_wconf 34' lang='lat'>0⁰</span> <span class='ocrx_word' id='word_1_544' title='bbox 970 4013 1042 4079; x_wconf 78' lang='lat' dir='ltr'>Oct.</span> <span class='ocrx_word' id='word_1_545' title='bbox 1088 3979 1154 4024; x_wconf 91' lang='lat' dir='ltr'>nae</span> <span class='ocrx_word' id='word_1_546' title='bbox 1176 3954 1445 4046; x_wconf 84' lang='lat' dir='ltr'>propagatione,</span> <span class='ocrx_word' id='word_1_547' title='bbox 1471 3972 1611 4018; x_wconf 90' lang='lat' dir='ltr'>necesse</span> <span class='ocrx_word' id='word_1_548' title='bbox 1628 3963 1690 4022; x_wconf 88' lang='lat' dir='ltr'>est.</span> <span class='ocrx_word' id='word_1_549' title='bbox 1739 3948 1809 4019; x_wconf 91' lang='lat' dir='ltr'>Sed</span> <span class='ocrx_word' id='word_1_550' title='bbox 1827 3952 1914 4018; x_wconf 90' lang='lat' dir='ltr'>deus</span> <span class='ocrx_word' id='word_1_551' title='bbox 1931 3944 1997 4018; x_wconf 91' lang='lat' dir='ltr'>hos</span> <span class='ocrx_word' id='word_1_552' title='bbox 2013 3950 2082 4017; x_wconf 86' lang='lat' dir='ltr'>flu.</span> 
     </span>
    </p>
   </div>
   <div class='ocr_carea' id='block_1_22' title="bbox 435 4186 645 4274">
    <p class='ocr_par' dir='ltr' id='par_1_27' title="bbox 435 4186 645 4274">
     <span class='ocr_line' id='line_1_54' title="bbox 435 4186 645 4274; baseline 0.005 -4"><span class='ocrx_word' id='word_1_553' title='bbox 435 4186 471 4274; x_wconf 88' lang='lat'>1.</span> <span class='ocrx_word' id='word_1_554' title='bbox 499 4186 645 4271; x_wconf 85' lang='lat' dir='ltr'>lonae.</span> 
     </span>
    </p>
   </div>
   <div class='ocr_carea' id='block_1_23' title="bbox 376 4491 694 4572">
    <p class='ocr_par' dir='ltr' id='par_1_28' title="bbox 376 4491 694 4572">
     <span class='ocr_line' id='line_1_55' title="bbox 376 4491 694 4572; baseline 0.019 -7"><span class='ocrx_word' id='word_1_555' title='bbox 376 4492 511 4566; x_wconf 85' lang='lat' dir='ltr'>Iuslo</span> <span class='ocrx_word' id='word_1_556' title='bbox 537 4491 694 4572; x_wconf 73' lang='lat' dir='ltr'>lonae.</span> 
     </span>
    </p>
   </div>
   <div class='ocr_carea' id='block_1_24' title="bbox 1084 5201 1302 5216">
    <p class='ocr_par' dir='ltr' id='par_1_29' title="bbox 1084 5201 1302 5216">
     <span class='ocr_line' id='line_1_56' title="bbox 1084 5201 1302 5216; baseline 0 -4"><span class='ocrx_word' id='word_1_557' title='bbox 1084 5201 1302 5216; x_wconf 45' lang='grc' dir='ltr'>..νο-...ἀ</span> 
     </span>
    </p>
   </div>
   <div class='ocr_carea' id='block_1_25' title="bbox 0 0 2378 6022">
    <p class='ocr_par' dir='ltr' id='par_1_30' title="bbox 0 0 2378 6022">
     <span class='ocr_line' id='line_1_57' title="bbox 0 0 2378 6022; baseline 0 0"><span class='ocrx_word' id='word_1_558' title='bbox 0 0 2378 6022; x_wconf 95' lang='lat' dir='ltr'> </span> 
     </span>
    </p>
   </div>
   <div class='ocr_carea' id='block_1_26' title="bbox 1088 3844 2199 3940">
    <p class='ocr_par' dir='ltr' id='par_1_31' title="bbox 1088 3844 2199 3940">
     <span class='ocr_line' id='line_1_58' title="bbox 1088 3844 2199 3940; baseline -0.008 -18"><span class='ocrx_word' id='word_1_559' title='bbox 1088 3877 1166 3922; x_wconf 88' lang='lat' dir='ltr'>mos</span> <span class='ocrx_word' id='word_1_560' title='bbox 1179 3867 1319 3924; x_wconf 89' lang='lat' dir='ltr'>nostros</span> <span class='ocrx_word' id='word_1_561' title='bbox 1334 3854 1378 3919; x_wconf 90' lang='lat' dir='ltr'>de</span> <span class='ocrx_word' id='word_1_562' title='bbox 1394 3850 1616 3939; x_wconf 90' lang='lat' dir='ltr'>posteritate,</span> <span class='ocrx_word' id='word_1_563' title='bbox 1640 3850 1684 3916; x_wconf 91' lang='lat' dir='ltr'>de</span> <span class='ocrx_word' id='word_1_564' title='bbox 1697 3844 1866 3931; x_wconf 87' lang='lat' dir='ltr'>Ecclesia,</span> <span class='ocrx_word' id='word_1_565' title='bbox 1890 3849 1935 3917; x_wconf 91' lang='lat' dir='ltr'>de</span> <span class='ocrx_word' id='word_1_566' title='bbox 1950 3849 2084 3918; x_wconf 91' lang='lat' dir='ltr'>doctri·</span> <span class='ocrx_word' id='word_1_567' title='bbox 2137 3854 2142 3860; x_wconf 59' lang='lat'><strong>⁴</strong></span> <span class='ocrx_word' id='word_1_568' title='bbox 2197 3928 2199 3940; x_wconf 37' lang='grc' dir='ltr'>Ι</span> 
     </span>
    </p>
   </div>
  </div>
 </body>
</html>
