4748 6022
162 203 238 275 223

462 563 616 680 Georg.
644 569 860 656 Fabricio.

270 721 356 796 Epist.
374 720 421 778 lib.
436 721 471 779 V.
493 742 519 795 p.
531 722 584 778 ⁵90
595 744 637 796 sq.

426 888 632 990 Georgio
664 889 905 973 Fabricio.

172 1029 290 1139 Saepe
308 1047 398 1128 iarn,
424 1047 730 1136 praeterfluentem
747 1048 869 1118 Albim
885 1049 1078 1142 aspiciens,
1104 1049 1162 1118 in-

172 1149 321 1241 gemisco
339 1146 536 1238 cogit'oque,
562 1173 647 1232 non,
673 1149 855 1220 sitantum
870 1151 1004 1220 flumen
1022 1145 1164 1245 lachry-

71 1326 75 1334 ,
172 1274 312 1322 marum
345 1249 495 1316 fundere
529 1272 684 1339 possem,
724 1264 897 1342 quantum
920 1252 1035 1323 voluit
1059 1251 1163 1323 Albis

85 1402 88 1407 -
173 1352 368 1433 undarum,
393 1343 578 1418 exhaurire
601 1375 719 1420 meum
736 1354 895 1421 dolorem
913 1378 1032 1445 posse,
1056 1378 1162 1447 quem

173 1455 293 1525 animo
308 1451 514 1520 circumfero
529 1465 674 1542 propter
690 1452 793 1523 civile
804 1454 951 1539 bellurn,
977 1459 1074 1550 quod
1090 1457 1164 1527 uti-

174 1577 351 1627 namnon
374 1553 540 1622 movisset
562 1544 736 1623 Carolus.
794 1554 865 1628 Sed
888 1558 969 1628 tatis
992 1571 1163 1647 urgentur

172 1679 228 1726 res
243 1650 430 1726 humanae.
475 1651 598 1746 Neque
613 1678 676 1744 ego
689 1680 786 1726 nunc
800 1658 953 1749 primurn
972 1660 1091 1729 dolere
1105 1661 1164 1727 in-

173 1756 287 1846 cipio,
313 1759 373 1824 sed
396 1755 523 1823 omissa
541 1750 606 1825 hac
624 1760 956 1829 commemoratione
973 1759 1088 1830 Deum
1104 1785 1163 1830 ae-

173 1871 334 1940 ternum,
362 1854 499 1924 Patrem
519 1852 665 1926 Domini
684 1861 798 1928 nostri
816 1858 893 1930 lesu
911 1857 1056 1946 Christi,
1084 1886 1164 1931 ore-

172 1981 270 2042 mus,
303 1971 342 2026 ut
364 1956 437 2048 ipse
462 1953 528 2025 hos
553 1973 667 2029 tantos
689 1958 919 2052 Reipublicae
941 1978 1075 2047 motus,
1101 1988 1163 2057 qur

172 2055 340 2129 humanis
370 2058 527 2127 consiliis
557 2061 627 2130 iarn
657 2063 774 2130 sedari
799 2087 878 2133 non
901 2079 1068 2153 possunt,
1101 2088 1166 2134 sua

173 2160 343 2252 sapientia
370 2173 403 2228 et
427 2160 583 2236 bonitate
610 2166 726 2247 sedet,
757 2188 798 2234 ac
826 2166 1007 2235 moderate
1032 2167 1165 2236 interea

173 2286 236 2332 suo
259 2261 408 2354 quisque
431 2263 510 2330 loco
533 2277 625 2332 recta
649 2266 853 2348 doceamus,
878 2270 974 2358 quod
995 2268 1108 2337 facere
1129 2281 1165 2337 te

173 2387 245 2431 nou
263 2364 410 2435 dubito..
448 2361 595 2452 Semper
608 2366 724 2432 amavi
739 2366 920 2455 ingenium
937 2380 1056 2452 tuum,
1080 2369 1165 2439 tibi-

174 2487 243 2558 que
256 2463 403 2550 gratiam
418 2458 550 2546 habeo,
576 2467 671 2554 quod
687 2478 756 2534 tarn
773 2483 934 2544 amanter
945 2456 990 2536 ad
1006 2493 1062 2537 me
1078 2470 1165 2539 scri-

172 2565 287 2656 psisti.
343 2561 414 2630 Pro
438 2560 621 2633 Pontificia
647 2564 791 2656 epistola
812 2568 913 2638 mitto
939 2570 1003 2639 tihi
1030 2584 1065 2640 et
1085 2572 1164 2640 aliis

173 2665 345 2758 pagellas,
371 2663 409 2731 in
428 2665 557 2755 quibus
573 2680 624 2735 est
638 2661 791 2761 Stigelii
804 2693 966 2754 carmen,
994 2674 1093 2741 cuius
1112 2673 1164 2742 le·

174 2767 345 2849 ctionem,
368 2765 459 2850 scio,
484 2766 551 2835 tibi
570 2792 643 2836 non
659 2770 839 2839 insuavem
859 2773 934 2841 sore
950 2764 1000 2866 *).
1035 2767 1069 2842 A
1085 2768 1162 2842 Sti-

169 2865 270 2960 gelio
294 2880 327 2934 te
350 2889 429 2934 vere
449 2867 551 2956 diligi
571 2882 604 2938 et
625 2871 771 2960 plurimi
789 2872 865 2941 fieri
883 2874 966 2943 scio.
1017 2873 1115 2946 Rene
1129 2889 1163 2946 et

172 2969 322 3037 feliciter
337 2968 426 3041 vale.
476 2967 546 3039 Die
560 2969 621 3041 26.
637 2968 785 3060 August.

174 3215 401 3230 Ἠ

172 3382 370 3509 Q·
1006 3412 1064 3474 28.
1080 3404 1162 3488 Aug.

984 3495 1156 3525 “a

506 3584 562 3673 Β.
594 3585 829 3677 Scholiero.

240 3743 326 3817 epar.
342 3745 387 3803 ns.
402 3747 436 3801 n.
455 3765 481 3820 p.
494 3749 546 3803 ers
561 3770 603 3822 sq.
622 3753 1046 3832 <ea.n0na.1n.u.ep.sor.).

313 3915 371 3992 D.
395 3916 734 3998 Bortolomoeo
760 3924 1019 4013 Seboilero.

169 4048 214 4140 S.
240 4068 286 4143 D.
336 4070 430 4143 Filio
448 4069 564 4147 Isaac
585 4082 665 4150 misi
681 4085 876 4155 orationem
893 4082 1048 4158 habitam
1065 4091 1103 4159 iu
1120 4116 1161 4161 eo

169 4196 353 4261 consessu,
387 4176 519 4271 inquo
545 4185 764 4254 renunciatio
786 4188 875 4258 facta
899 4203 950 4259 est
969 4191 1161 4262 testimonii

170 4274 213 4341 de
230 4276 340 4365 ipsius
355 4280 556 4349 eruditione
572 4296 606 4351 et
621 4285 764 4356 virtute.
800 4289 900 4360 Deus
918 4290 1033 4382 ipsum
1050 4306 1084 4364 et
1097 4319 1160 4364 vos

171 4390 299 4460 servet,
330 4392 364 4446 et
384 4383 531 4470 posteris
548 4379 746 4454 Ecclesiam
760 4402 793 4459 et
810 4386 1080 4482 Rempublicam
1098 4421 1160 4486 pa-

170 4489 281 4544 catam
305 4482 429 4551 tradat.
479 4485 536 4554 De
559 4485 653 4556 bello
675 4489 712 4555 in
728 4481 902 4558 Bouario
917 4506 1056 4564 tanturn
1073 4490 1160 4566 haec

170 4576 317 4658 scimus,
356 4584 543 4654 exercitum
572 4588 686 4658 Ducis
712 4585 898 4660 Saxonici
920 4591 1095 4665 Electoris
1125 4612 1160 4668 et

169 4668 412 4768 Landgrooii
430 4689 611 4757 accessisse
627 4693 670 4759 ad
685 4687 978 4787 Ingolstodium,
997 4712 1031 4769 et
1047 4690 1160 4768 aCa-

170 4772 245 4845 roli
261 4776 485 4869 Imperatoris
506 4791 626 4860 castris
641 4807 778 4864 tantum
794 4798 912 4868 abesse
929 4811 1061 4890 septem
1073 4800 1158 4871 mil-

127 4894 129 4899 ’
166 4879 326 4951 liaribus.
361 4881 460 4952 Deus
476 4888 565 4956 adsit
582 4896 687 4962 nobis
704 4911 737 4966 et
753 4921 814 4968 sua
830 4900 1002 4971 immensa
1016 4902 1156 4995 sapien-

165 4981 214 5048 tia
230 4995 264 5050 et
283 4983 440 5053 bonitate
454 5009 575 5078 pacem
589 4997 760 5071 restituat.
801 4998 899 5072 Bene
917 5003 1038 5074 valete.
1083 5004 1155 5075 Die

165 5078 380 5174 Augustini.

165 5257 366 5271 *—

194 5341 222 5409 *)
246 5342 334 5399 Habes
345 5345 411 5399 illud
425 5346 452 5400 iu
466 5344 582 5424 Scriptis
595 5348 712 5421 publicis
729 5351 763 5410 Τ.
780 5353 801 5409 Ι.
822 5371 850 5426 p.
868 5360 927 5416 171.

744 143 1178 317 urrsronnnuu
1234 202 1340 279 mn.
1375 204 1419 283 x.
1476 206 1605 286 roso.

2135 226 2218 303 m

1491 546 1640 632 looob.
1674 544 1935 637 Camerario.

1283 700 1368 773 Epist.
1379 703 1569 761 ed.Cemersr.
1584 708 1719 780 p.757sq.
1736 710 1790 775 (ed.
1800 711 1890 771 Lond.
1900 711 2042 783 ΝΜ).
2060 742 2096 758 ·
2113 715 2217 777 Nescio

1317 772 1480 827 anselarus
1498 773 1678 850 (Eichborn),
1706 780 1739 832 de
1761 797 1817 850 quo
1839 780 1884 835 bic
1899 779 2061 838 Melanthea
2081 784 2218 875 loquitur²

1249 916 1255 924 .
1317 839 1458 965 Ldembsi?
1480 843 1525 897 eui
1540 844 1618 901 dedit
1631 846 1837 917 testimonium,
1862 851 1936 921 quod
1951 868 2034 922 supra
2050 853 2075 913 d.
2086 855 2131 913 25.
2141 855 2215 915 Meis

1336 928 1380 966 .a.
1413 928 1427 962 a
1448 930 1485 967 es.

1215 373 1280 448 No.
1299 370 1413 452 3547.

1222 468 1395 499 Μ

1215 1052 1441 1138 Clarissimo
1470 1070 1547 1139 viro
1577 1070 1705 1142 virtute
1726 1082 1756 1142 et
1780 1069 1982 1146 eruditione
2001 1087 2214 1174 praestanti

1220 1203 1223 1215 ·
1239 1163 1267 1235 I
1272 1193 1324 1236 oo
1335 1163 1410 1239 chi
1415 1195 1483 1240 mo
1504 1165 1538 1242 C
1543 1197 1567 1240 o
1576 1198 1622 1241 m.
1644 1167 1737 1248 Pub.
1755 1175 1874 1246 amico
1891 1201 1959 1248 suo
1974 1181 2189 1268 carissimo,

1214 1294 1258 1384 S.
1284 1313 1330 1383 D.
1380 1313 1526 1387 Litteris
1547 1320 1591 1387 de
1607 1313 1756 1405 Sciuro,
1780 1346 1866 1414 quas
1891 1323 1924 1393 ei
1944 1327 2073 1399 dedisti
2093 1333 2213 1404 adme

1215 1417 1373 1507 scriptas,
1399 1421 1542 1509 quando
1557 1421 1713 1510 primum
1729 1417 1798 1492 hnc
1813 1425 1873 1492 ille
1892 1429 2000 1519 venit,
2027 1443 2061 1500 et
2076 1432 2211 1505 iudicio
2252 1451 2259 1466 “

1216 1531 1276 1589 tuo
1309 1528 1496 1589 contentus
1525 1522 1634 1590 dilexi
1665 1522 1802 1613 ipsum,
1838 1528 2067 1622 praestitique
2094 1535 2210 1606 officia

1218 1645 1308 1713 qnae
1332 1619 1442 1711 potui.
1494 1617 1632 1691 Omnes
1647 1623 1741 1691 enim
1762 1633 2027 1700 commendatos
2042 1629 2131 1703 mihi
2144 1638 2210 1706 abs

1216 1736 1250 1791 te
1277 1721 1462 1813 complecti
1483 1746 1538 1791 me
1560 1723 1805 1795 benevolentia
1830 1752 1904 1797 non
1930 1744 1980 1801 est
1999 1734 2208 1807 obscurum:

1216 1836 1334 1915 postea
1355 1822 1500 1912 perfecit
1513 1818 1667 1895 Sciurus
1686 1828 1804 1897 studio
1823 1845 1856 1898 et
1875 1831 2047 1902 industria
2062 1859 2143 1922 sua,
2169 1855 2211 1910 ut

1153 1963 1161 1980 ·
1217 1919 1306 1992 mihi
1340 1923 1503 2015 inprimis
1529 1950 1631 1997 carus
1657 1941 1756 2000 esset.
1814 1926 2138 2006 Deliberationibus
2163 1943 2210 2009 de

1217 2027 1294 2117 ipso
1309 2026 1486 2096 nostriset
1502 2041 1561 2098 tua
1577 2030 1749 2098 sententia
1767 2054 1847 2099 eum
1863 2034 2026 2105 delectari
2042 2038 2112 2107 iam
2129 2064 2208 2109 non

1217 2128 1362 2211 dubito,
1385 2140 1572 2221 postquam
1587 2154 1624 2199 ea
1641 2131 1845 2201 acciderunt
1860 2133 1898 2202 in
1916 2129 1971 2204 his
1988 2140 2208 2228 regionibns,

1217 2253 1307 2321 quae
1325 2229 1486 2298 omnium
1500 2230 1572 2299 fere
1587 2231 1793 2324 opinionem
1809 2233 2022 2311 fefellerunt.
2072 2240 2209 2312 Futura

1218 2345 1335 2400 autern
1353 2336 1641 2402 commendemus
1657 2336 1751 2418 Deo,
1778 2334 1962 2425 periculis,
1987 2341 2015 2408 si
2034 2367 2102 2433 qua
2119 2338 2208 2412 mihi
2251 2361 2255 2367 ’

1217 2455 1299 2522 prae
1314 2431 1438 2500 ceteris
1454 2432 1669 2524 impendent,
1696 2459 1769 2504 non
1784 2437 1885 2505 valde
1901 2452 2045 2514 terreor.
2079 2443 2209 2513 Accer-

1216 2534 1324 2601 senda
1348 2532 1491 2624 quidem
1514 2535 1596 2620 illa,
1622 2536 1710 2606 sicut
1730 2535 1874 2622 scribis,
1901 2563 1975 2608 non
1991 2557 2088 2612 sunt:
2122 2569 2206 2612 nam

1216 2647 1320 2723 auget
1354 2633 1514 2704 miserias
1547 2639 1711 2726 cogitatio
1737 2633 1930 2732 ἐπικτήτου
1954 2648 2087 2714 κακοῦε
2132 2645 2205 2715 Sed

1216 2738 1311 2829 quod
1335 2735 1442 2806 vitari
1457 2760 1530 2806 non
1545 2751 1677 2830 potest,
1701 2740 1857 2822 fortiter,
1880 2743 1937 2811 vel
1953 2766 2064 2838 aequo
2079 2748 2206 2815 saltem

1216 2838 1336 2908 animo
1359 2838 1546 2908 ferendum
1569 2853 1631 2910 est.
1683 2839 1837 2929 Quando
1856 2856 1973 2913 autern
1994 2871 2067 2915 non
2091 2849 2141 2916 sui
2166 2848 2207 2917 in

1217 2938 1336 3031 aliquo
1361 2940 1518 3030 periculo
1542 2941 1613 3010 iam
1633 2942 1739 3011 annis
1761 2943 1946 3032 plurimis?
1996 2946 2117 3032 Folia,
2149 2949 2208 3017 in-

1217 3038 1314 3132 quis,
1340 3064 1379 3110 ea
1399 3041 1623 3129 ceciderunt,
1647 3068 1743 3114 nunc
1765 3046 1907 3116 arbores
1924 3051 2060 3121 cadent.
2110 3047 2208 3120 Cali-

1217 3165 1290 3211 cem
1314 3141 1422 3232 igitur
1445 3144 1608 3214 salutaris
1629 3146 1819 3239 accipiam,
1853 3161 1888 3217 et
1908 3174 2038 3221 nomen
2059 3150 2208 3221 Domini

1217 3242 1400 3313 invocabo.
1440 3240 1523 3341 περὶ
1552 3240 1594 3318 di
1620 3251 1698 3319 τῶν
1752 3242 1939 3323 aaronem
1959 3249 2021 3325 καὶ
2043 3247 2208 3326 συκίνων

1216 3339 1386 3438 ἀνδρῶν,
1412 3370 1501 3439 quos
1520 3371 1561 3416 ex
1576 3272 1816 3440 Aristopliane
1832 3354 1996 3437 adducis,
2022 3355 2059 3423 id
2076 3355 2208 3424 scilicet

1216 3446 1451 3539 relinquitur,
1477 3462 1517 3518 ut
1537 3450 1639 3540 culpa
1654 3474 1675 3519 a
1690 3451 1793 3520 nobis
1809 3452 1909 3523 absit.
1959 3451 2006 3521 Et
2022 3449 2108 3544 δίκη
2125 3468 2208 3524 tan-

1217 3549 1296 3615 dem
1317 3550 1484 3641 corripiet
1500 3553 1583 3645 >rois‘
1603 3553 1732 3621 κακῶν
1751 3546 1934 3628 τέκτονας.
1985 3550 2056 3620 Sed
2078 3555 2122 3620 de
2146 3549 2208 3624 his

1216 3649 1382 3720 omnibus
1402 3673 1518 3720 coram
1533 3648 1654 3739 plura,
1680 3672 1794 3741 neque
1810 3650 1930 3718 omnia
1947 3664 2031 3720 sunt
2045 3653 2207 3722 scriben-

1216 3750 1280 3831 da,
1307 3763 1341 3820 te
1356 3774 1497 3844 quoque
1509 3761 1632 3820 autore
1647 3765 1682 3820 et
1694 3750 1883 3824 monitore.
1924 3750 2121 3822 Dominum
2136 3779 2208 3826 no-

1216 3866 1327 3921 strum
1344 3848 1457 3919 lesum
1474 3844 1656 3921 Christum
1677 3852 1903 3923 liberatorem
1921 3855 2060 3944 generis
2077 3849 2208 3926 huma-

1215 3953 1255 4022 ni
1277 3975 1358 4035 oro,
1382 3964 1423 4021 ut
1441 3951 1650 4024 misereatur
1669 3954 1808 4046 parvuli
1833 3956 1945 4045 gregis
1960 3956 2032 4039 sui,
2058 3969 2093 4025 et
2108 3957 2207 4028 miti-

1214 4064 1270 4221 ppt
1299 4052 1533 4139 calamitates,
1567 4068 1603 4129 et
1630 4069 1666 4128 te
1695 4070 1844 4150 tuosque
1866 4081 1989 4127 omnes
2009 4073 2205 4133 conservet.

1249 4153 1313 4222 ale.
2052 4187 2056 4194 ·

1212 4483 1281 4556 No.
1297 4484 1411 4561 8548.

1510 4667 1571 4751 Μ.
1601 4613 1922 4783 Meienburgio..

1295 4826 1381 4899 Epist.
1398 4827 1447 4890 lib.
1462 4829 1497 4884 V.
1515 4849 1542 4902 p.
1556 4829 1619 4890 ⁵78.

1258 4979 1498 5060 Michaeli
1520 4983 1859 5086 Meienburgio
1889 4981 2152 5084 (Nortbusoe.)

1207 5117 1252 5210 S.
1276 5133 1321 5208 D.
1373 5135 1637 5209 Humanissime
1668 5141 1742 5224 vir,
1775 5154 1810 5211 et
1844 5139 1956 5208 amice
1985 5133 2204 5212 charissime.

1207 5238 1333 5319 Scitis,
1362 5265 1483 5310 vocem
1499 5240 1583 5308 Filii
1602 5239 1671 5309 Dei
1692 5264 1781 5309 esse:
1816 5235 1955 5308 Omnes
1971 5239 2089 5330 capilli
2107 5240 2205 5330 capi-

1208 5342 1252 5412 tis
1275 5342 1382 5414 vestri
1405 5342 1582 5413 numerati
1601 5355 1694 5412 sunt.
1751 5337 1817 5414 Et:
1850 5340 1961 5443 Nemo
1985 5353 2102 5432 potest
2120 5363 2206 5410 oves
