4748 6022
154 325 232 404 45,
520 359 525 373 ,
735 315 1596 440 ar1sr0aaauuara.n154⁷.
1800 361 1803 367 -
2120 339 2196 439 aaa

155 497 222 570 No.
239 498 350 570 3800.
547 519 553 564 :
716 558 718 563 ,
879 517 888 536 ·
979 509 1040 571 26.
1054 499 1143 564 Mart
1198 515 1262 562 suo
1272 490 1393 562 labore
1408 444 1577 581 fruentes,
1596 450 1775 591 iuhyeme
1790 497 1910 575 minus
1925 505 2189 586 sintsollieitae.

491 624 494 629 ·
538 646 586 736 R
614 648 765 737 Ehem·
968 589 1140 622 Μ
1197 589 1371 685 Exempto
1387 594 1508 679 melle,
1528 595 1613 688 quia
1628 600 1862 675 domunculae
1876 605 1917 685 in
1932 609 2117 685 mimendo
2130 613 2191 685 la-

161 594 331 622 m

1200 707 1382 780 serantur,
1421 696 1558 786 primus
1573 697 1687 785 -labor
1706 715 1759 771 est
1779 705 1924 777 cellulas
1945 710 2105 799 relicere,
2129 712 2190 789 ,ad

226 789 483 926 Mggliiwsqqts-r·
493 791 706 929 Ξῐξὲξψξξῑῖζ
718 791 805 916 'eigai'
818 788 1145 930 ἂξξξῃίξῑξὲὶῑὲοἳῧὲ
1199 797 1295 888 quod
1312 820 1407 865 ceras
1420 810 1505 869 tunc
1519 797 1665 873 faciunt,
1715 802 2063 897 Domitius-relectis,
2086 817 2186 889 adte-

258 925 308 980 191
323 947 382 998 1³2⁸·
394 929 457 993 50„
476 937 502 979 ε.
555 936 575 979 ι,
594 945 622 995 p.
643 928 686 983 18·
1197 910 1285 968 runt
1306 921 1439 966 rorem:
1473 899 1530 968 cui
1547 899 1775 989 incubantes,
1809 929 1936 981 novam
1958 914 2115 987 sobolem
2127 918 2186 1009 gi·-

1197 1012 1327 1086 gnunt:
1365 999 1448 1091 quia
1472 1001 1604 1081 multae
1625 1007 1772 1093 pereunt
1792 1007 1901 1076 variis
1929 1006 2093 1107 †modis
2117 1011 2184 1089 ac”

1197 1099 1308 1171 malis]
1367 1098 1499 1169 Curam
1524 1101 1632 1191 igitur
1658 1108 1856 1201 quotannis
1888 1104 2019 1183 habent
2046 1121 2184 1204 generis

1196 1199 1445 1277 constituendi.
1496 1199 1621 1271 Postea
1638 1227 1747 1274 novas
1781 1209 1927 1281 cellulas
1951 1217 2184 1300 constituunt,

12 1336 14 1347 ·
132 1285 200 1374 ’8.
218 1298 263 1375 D.
314 1296 582 1390 Philosophiam
599 1324 705 1391 apum
719 1301 785 1371 tibi
800 1303 923 1386 mitto,
945 1303 1045 1371 cuius
1058 1327 1144 1371 eon·
1197 1313 1230 1370 et
1246 1324 1336 1369 nova
1354 1301 1553 1382 domicilia,
1586 1305 1740 1377 educunt
1756 1309 1912 1381 colonias
1927 1327 1962 1382 et
1976 1301 2112 1389 saciant
2126 1346 2184 1391 ce-

156 1401 324 1473 sideratio
342 1404 465 1490 etipso
482 1401 586 1468 melle
604 1401 760 1486 dulcior,
781 1414 816 1470 et
832 1402 967 1474 illustre
987 1405 1143 1474 testimo·
1195 1423 1263 1469 ras.
1313 1397 1472 1489 Quarto,
1496 1402 1535 1470 in
1553 1402 1649 1472 Maio
1668 1406 1933 1483 florescentibus
1947 1417 2062 1503 pomis
2078 1422 2184 1491 colli·

136 1492 257 1575 'nium
280 1515 365 1585 est,'
381 1496 478 1570 hunc
503 1505 677 1570 mundum
701 1526 775 1570 non
800 1503 954 1572 extitisse
977 1527 1076 1588 casu,
1103 1528 1143 1573 ex
1195 1512 1284 1589 gunt
1299 1501 1437 1570 dulcem
1448 1527 1600 1588 succum,
1626 1500 1683 1574 hic
1698 1508 1852 1597 primum
1868 1512 2183 1604 incipitmellilica-

64 1594 69 1601 ¹
154 1603 350 1679 Democriti
364 1603 500 1675 atomis.
554 1600 763 1672 lnvocemus
781 1602 1023 1692 igiturverum
1041 1607 1143 1675 illum
1196 1602 1257 1674 tio.
1309 1597 1418 1672 Recte
1436 1600 1824 1692 igiturAristotelesde
1841 1608 2059 1688 Eliacoortu
2077 1621 2184 1694 intel-

156 1699 385 1777 architcctum
405 1699 726 1795 pulcherrimorum
751 1717 898 1774 naturae
917 1730 1082 1797 operum,
1110 1719 1144 1775 et
1196 1703 1334 1790 ligitur:
1376 1696 1471 1798 1·οὐ
1495 1700 1566 1798 πρὸ
1594 1702 1774 1800 ἀνατολῆς
1804 1708 1975 1796 uastatos
2006 1715 2185 1814 γίνεσθαι

155 1805 332 1877 Ecclesiae
355 1805 594 1888 conditorem,
633 1818 767 1895 patrem
795 1820 976 1876 aeternum
997 1807 1144 1878 Domini
1194 1799 1326 1896 μέλι”’)
1353 1801 1706 1891 Mellilieatiodurat,
1728 1802 2206 1912 doneehssenttrifoliunq'

61 1914 65 1919 '
112 1948 117 1959 ·
156 1906 271 1978 nostri
297 1904 376 1975 lesu
389 1899 543 1985 Christi,
575 1919 616 1973 ut
638 1919 672 1976 et
688 1904 866 1975 Ecclesiae
888 1929 971 1977 suae
989 1909 1145 1977 alveolos
1196 1905 1324 1985 idest,
1358 1928 1468 1995 usque
1490 1910 1534 1975 ad
1553 1903 1764 1996 Augustum.
1815 1908 1916 1987 Nihil
1938 1912 1996 1986 hic
2017 1922 2184 1998 eximitur

157 2021 324 2080 ctuostra
348 2007 506 2075 examina
530 2006 694 2076 defendat
719 2021 753 2079 et
775 2021 898 2079 servet.
950 2007 1144 2079 Meusma-
1195 2018 1268 2075 tota
1292 2017 1420 2074 aestate
1439 2007 1495 2074 vel
1517 2002 1661 2098 hyeme,
1695 2033 1805 2101 usque
1824 2015 2035 2093 advernum
2060 2031 2185 2118 aequi.

158 2111 277 2200 gister,
302 2107 364 2200 qui
380 2130 437 2176 me
453 2110 498 2177 de
513 2107 639 2198 apibus
655 2109 768 2190 docet,
795 2122 829 2176 te
842 2122 930 2193 orat,
952 2123 992 2178 ut
1006 2132 1144 2189 mecum
1196 2106 1365 2177 noctium.
1416 2104 1460 2174 ln
1481 2103 1666 2176 Autumno
1692 2110 1788 2200 ipsae
1808 2136 1892 2202 apes
1913 2119 2002 2191 mira
2023 2136 2097 2195 arte
2117 2129 2185 2199 ob-

156 2211 197 2279 in
211 2211 321 2302 ipsam
339 2204 568 2277 Academiam
585 2232 692 2299 apum
709 2208 843 2278 venias.
892 2203 1145 2305 Iosephodia-
1197 2218 1339 2276 struunt
1357 2207 1532 2277 foramina
1550 2208 1742 2284 alveorum.
1792 2211 1986 2306 Praecipue
2007 2216 2185 2298 delectan-

156 2311 297 2381 lecticas
323 2310 476 2398 pagellas
495 2310 614 2379 mitto:
634 2322 685 2404 'et
708 2322 794 2398 puto
817 2310 999 2398 paginam,
1039 2334 1145 2403 quam
1198 2321 1256 2378 tur
1272 2321 1305 2376 et
1320 2306 1527 2378 alliciuntur
1542 2309 1651 2380 odore
1672 2312 1840 2384 melissae.
1879 2315 1918 2386 Si
1936 2321 2185 2411 quisalveolos

156 2408 315 2482 hebetia
334 2410 519 2494 manibus,
553 2409 721 2499 compleri
743 2433 843 2500 posse
857 2407 923 2480 hac
937 2405 1145 2505 προσθήκη.
1198 2420 1405 2497 conspergat
1427 2417 1517 2499 aqua
1538 2411 1713 2480 destillata
1732 2435 1773 2481 ex
1795 2416 1952 2503 melissa,
1984 2425 2188 2500 avidissime

158 2509 212 2582 Da
237 2524 399 2602 operam,
441 2523 481 2581 ut
503 2522 617 2580 toturn
639 2533 729 2601 opus
756 2511 934 2605 reliquum
960 2513 1146 2581 condiatur
1198 2509 1367 2578 advolant
1389 2520 1424 2577 et
1444 2508 1618 2583 lambunt.
1670 2510 1753 2580 ldeo
1769 2511 1942 2605 Virgilius
1955 2522 2063 2607 dixit,
2084 2524 2189 2603 Trita

158 2612 348 2682 illecebris:
376 2625 417 2681 ut
430 2614 521 2682 sicut
535 2612 692 2702 apiculae
706 2611 845 2680 melissa
862 2612 1071 2698 invitantur,
1097 2614 1146 2682 ita
1197 2603 1480 2703 Melisphylla²).
1531 2607 1716 2699 Fugantur
1728 2612 1930 2709 absynthio.
1951 2618 2104 2697 ‘Habent
2121 2625 2189 2700 ho-

157 2736 222 2784 nos
238 2714 456 2784 iuventutem
475 2713 665 2781 invitemus
680 2714 848 2782 suavibus
864 2714 1032 2786 materiis.
1199 2725 1285 2791 stes,
1317 2732 1460 2804 vespas,
1494 2711 1642 2796 culices,
1673 2713 1802 2800 tineas,
1840 2743 1969 2791 mures.
2025 2721 2074 2798 Et
2097 2732 2189 2803 mim

260 2812 439 2902 Scriptum
463 2816 506 2884 ad
522 2808 708 2883 Bobemos
721 2807 760 2908 ¹¹)
781 2814 960 2884 absolvam
979 2815 1072 2884 intra
1089 2815 1147 2883 bi·
1197 2811 1409 2882 fortitudine
1429 2824 1579 2900 possunt
1599 2837 1718 2883 mures
1740 2815 1945 2895 interficere.
2005 2823 2093 2898 Fuci
2113 2855 2189 2902 non

158 2917 285 2986 doum:
308 2914 581 3008 deindeSynodi
595 2915 845 2984 refutationem
860 2910 1049 2985 inchoabo.
1073 2913 1148 2986 De·
1199 2924 1328 2982 nocent
1351 2911 1419 2994 eis,
1451 2910 1521 2979 nisi
1539 2914 1739 2983 voracitate.
1790 2915 1861 2987 Sed
1879 2942 2004 3011 vespae
2024 2945 2189 3017 pungunt
2289 2984 2297 3007 ,

157 3016 252 3086 crevi
269 3015 363 3084 enim
381 3015 581 3084 testimonia
598 3016 637 3083 in
655 3010 721 3083 hac
737 3010 897 3088 ἐπιτάσει
913 3017 1147 3086 certaminum
1198 3035 1267 3085 eas.
1320 3009 1457 3080 Vivant
1479 3033 1561 3100 apes
1581 3012 1805 3099 octennium,
1838 3031 1873 3087 et
1895 3022 2057 3110 amplius.
2114 3029 2188 3103 Nec

159 3119 283 3200 edere,
307 3117 352 3193 de
365 3116 470 3183 rebus
482 3115 576 3182 veris
597 3127 631 3183 et
650 3117 873 3201 necessariis,
899 3113 976 3185 Deo
991 3117 1147 3200 iuvante,
1197 3122 1343 3181 manent
1355 3109 1562 3195 incolumes,
1585 3135 1650 3181 nec
1658 3112 1808 3183 feliciter
1821 3116 2086 3214 faciuntoperas
2094 3135 2190 3222 apud

158 3217 215 3285 vel
234 3216 265 3283 si
286 3213 356 3281 iam
377 3214 520 3307 tyranni
535 3213 683 3283 ferirent
701 3237 817 3282 meam
840 3217 1024 3289 cervicem.
1074 3216 1148 3286 Nec
1199 3213 1351 3282 iniustos
1366 3233 1593 3302 possessores.

158 3338 215 3384 me
231 3315 384 3383 deterret
397 3314 500 3383 amici
516 3315 629 3383 nostri
642 3307 833 3382 Ioachimi
845 3315 1063 3386 sollicitudo:
1090 3316 1149 3387 cui

159 3416 303 3508 quidem
317 3427 402 3505 opto
416 3429 456 3486 ut
470 3415 516 3484 sit
532 3415 666 3495 beatus,
692 3428 727 3484 et
743 3414 1000 3508 tranquillitate
1013 3417 1149 3486 studio-

157 3516 402 3586 rumlruatur.
449 3513 523 3585 Nos
538 3515 568 3584 si
583 3514 652 3585 iam
668 3517 1097 3601 taceremus‚·deseruisse
1115 3529 1150 3587 et
1208 3497 1403 3572 Nestos.
1983 3566 1988 3582 ·
2024 3520 2082 3580 27.
2100 3511 2189 3578 Mart.

158 3615 325 3687 abiecisse
340 3638 479 3686 cansam
496 3616 992 3687 necessariamiudiearemur.
1024 3618 1095 3689 Sed
1110 3619 1150 3687 in
1468 3640 1652 3758 Georgio
1673 3644 1918 3735 Amant-no
2013 3601 2183 3632 m

155 3717 245 3809 ipsis
260 3717 507 3786 controversiis
523 3731 605 3787 sunt
621 3719 809 3808 quaedam,
835 3719 879 3787 de
897 3718 1028 3810 quibus
1044 3742 1150 3811 cupe-
1349 3785 1356 3801 ,
1414 3787 1421 3801 ,
1820 3790 1827 3804 ,
1918 3715 1929 3737 ’

160 3840 237 3889 rem
261 3840 341 3887 cum
366 3818 486 3903 amicis
509 3817 675 3909 colloqui.
726 3817 834 3890 Mitto
855 3817 993 3914 Synodi
1018 3820 1151 3891 oratio·
1306 3786 2061 3863 Epor.ttb.11.p.2ot.(ed.1.ond.11b.tt.ep.194.).
2132 3883 2141 3902 .

161 3941 225 3990 nes
238 3910 318 4014 **)‚
343 3917 382 3987 in
401 3919 532 4012 quibus
549 3930 584 3988 et
598 3919 658 3988 illa
676 3933 746 4000 est,
779 3942 886 4014 quam
908 3916 1150 4041 Vituscoepit
1209 3902 1218 3914 ’
1340 3940 1395 4018 1),
1423 3938 1623 4038 georgio
1649 3938 1820 4043 principi
1843 3947 1883 4017 ὑ,
1906 3943 2054 4021 Ankon

161 4021 351 4104 excudere,
382 4043 473 4113 quae
495 4043 537 4088 ex
558 4016 624 4088 hoc
644 4016 833 4114 archetypo
857 4022 994 4091 absolvi
1009 4035 1150 4113 potent.

161 4118 210 4192 Et
224 4123 394 4190 addemus
410 4118 593 4213 'querelam
616 4115 697 4212 περὶ
745 4119 886 4212 θητείας
905 4117 1151 4219 διαφθειρού-
1202 4070 1247 4209 So·
1273 4087 1318 4208 D:
1351 4088 1609 4208 'lllUSil'lSSllne
1632 4105 1665 4163 eb
1687 4089 1994 4215 Reoverendlsslme·
2010 4096 2190 4196 Princeps,

163 4217 420 4314 σηςκαθαρὰν
434 4215 690 4293 διδασκαλίαν,
717 4144 914 4290 benevale,
940 4222 1050 4294 Dm,
1066 4226 1151 4298 se„-
1200 4190 1455 4261 Delficalhmam
1471 4214 1545 4262 esse
1560 4192 2036 4281 gubernationemEcclestae
2052 4223 2191 4295 semper

161 4336 275 4393 vespae
335 4319 661 4405 D1226,Maffii‚
707 4345 778 4415 quo
801 4337 882 4393 ame
913 4325 1148 4400 ann021514
1201 4314 1325 4361 omnes
1347 4291 1423 4361 sani
1445 4293 1660 4370 iudicarunt.
1710 4290 1760 4368 Et
1782 4291 1925 4364 Mor'ses
1946 4297 2078 4392 inquit:
2113 4304 2191 4401 nisi

162 4377 395 4495 filiusfjeii„
413 4417 694 4514 sepulchrofufq
906 4430 909 4435 ·
1203 4398 1242 4460 tu
1256 4386 1363 4462 Deus
1384 4415 1451 4463 nos
1466 4393 1721 4491 praecesseris,
1754 4390 2066 4474 nonedccasnos.
2117 4404 2189 4478 Sed

1203 4495 1405 4567 consolatur
1419 4520 1500 4566 eum
1514 4496 1628 4582 Deus,
1660 4496 1843 4589 inquiens,
1875 4521 1911 4568 se
1925 4524 2188 4590 praecessurum

263 4657 348 4728 1„
452 4655 461 4673 ,
524 4657 532 4672 ,
701 4659 709 4674 ,
798 4657 807 4674 ,
936 4655 945 4674 ,
1203 4618 1286 4666 esse.
1336 4592 1386 4668 Et
1407 4595 1521 4668 Filius
1544 4596 1628 4667 Dei:
1665 4595 1733 4694 qui
1755 4607 1878 4670 manet
1902 4599 1942 4669 in
1962 4626 2035 4690 me,
2067 4615 2098 4675 et
2123 4629 2188 4703 ego

282 4673 373 4729 mtto
388 4679 480 4727 veras
503 4680 594 4729 casca
609 4672 871 4749 aequinoctaum
893 4670 1096 4728 examuntur
1109 4683 1150 4729 ex
1213 4694 1220 4711 ·

133 4728 269 4831 'alveis
293 4760 400 4830 mella
422 4757 603 4848 superiore
624 4771 753 4827 aestate
771 4759 873 4830 lacta.
923 4756 1014 4829 Nam
1033 4759 1072 4828 in
1094 4755 1149 4830 his
1203 4721 1243 4765 m
1267 4719 1323 4783 ω’
1348 4696 1493 4795 'ssim
1509 4721 1691 4793 ⁶⁰p¹⁰⁸um
1707 4695 1886 4796 smdum'
1935 4700 2003 4773 ΗΕ
2022 4710 2188 4779 m‘dffl·

223 4860 233 4879 ,
287 4861 295 4879 ,
470 4859 479 4875 ,
553 4857 561 4874 ,
768 4857 777 4874 ,
815 4859 824 4875 ,
1202 4799 1258 4867 nis
1273 4799 1568 4890 promissionibus
1583 4823 1684 4891 saepe
1697 4804 1897 4873 consolatus
1910 4827 1987 4874 sum
2005 4806 2043 4874 ia
2056 4810 2188 4881 nostris

159 4864 385 4950 ¹²⁸¹⁰¹¹¹h¹¹⁸2
418 4859 588 4953 qfflcqmd
610 4872 661 4929 “t
681 4858 796 4928 meum
813 4882 852 4927 ¹¹¹
866 4873 993 4930 “em
1008 4860 1149 4948 ἥρω’
1200 4899 1386 4990 periculis,
1416 4900 1699 4987 difficultatibus,
1731 4917 1763 4974 et
1783 4906 2045 4980 certaminibus.
2095 4906 2187 4981 Cum

161 4974 275 5033 lotum
292 4961 506 5054 relinquitur
525 4960 563 5027 5¹¹
578 4959 686 5028 Μὴ
708 4959 746 5026 3¹¹
766 4952 902 5053 bleffe·
950 4958 1051 5032 Alibi
1068 4987 1149 5055 pm
1200 4999 1352 5069 Doctore
1361 4998 1405 5071 Ν.
1418 5000 1613 5071 collocutus
1628 5026 1717 5077 sum.
1755 5001 1890 5076 Multas
1905 5000 2011 5077 habet
2029 5009 2186 5092 virtutes,

162 5063 339 5181 ubuum·
404 5059 475 5179 sid
497 5060 648 5180 dicum&
679 5083 760 5177 ³1³⁶?
790 5061 955 5179 ⁸PP¹i³¹³³
977 5063 1151 5182 t¹ff⁸¹i⁰fe⁸
1200 5102 1353 5171 sedsuas
1371 5101 1475 5171 etiam
1492 5104 1660 5195 quasdam
1678 5103 1820 5174 delicias
1835 5101 1958 5186 habet,
1991 5125 2188 5200 qnasaetas

161 5162 251 5233 fieta.
311 5156 920 5254 ldeobrctotumetsrelmquatur,
951 5177 992 5235 ut
1013 5178 1148 5256 mtegro
1199 5202 1360 5291 corriget·
1411 5201 1522 5295 spem
1546 5199 1677 5275 ahoe
1700 5207 1864 5296 negotio,
1898 5211 1943 5277 de
1962 5211 2188 5303 quoscripsit

1098 1018 1102 1029 t

155 1044 381 1124 Clarissimo
398 1038 489 1135 viro,
510 1042 564 1118 D.
579 1042 642 1118 Pa
654 1046 733 1120 ulo
745 1044 786 1118 E
792 1048 919 1138 bero,
937 1051 1064 1148 fratri
1077 1077 1146 1122 suo

335 1147 572 1236 charissimo,
598 1148 661 1222 καὶ
677 1146 967 1250 συμφιλοσόφῳ,

500 4551 672 4645 Historia
691 4530 815 4653 apum.

123 5365 132 5374 ι
194 5387 446 5459 *tlloescriptum
463 5405 520 5442 uon
533 5386 673 5469 babemus.
1236 5398 1262 5463 1)
1281 5393 1353 5449 llaec
1364 5392 1443 5450 babet
1463 5395 1526 5450 cod.
1540 5392 1623 5449 (iolla.
1639 5394 1681 5448 28.
2122 5442 2145 5471 ,‚

196 5471 246 5544 **)
265 5473 336 5527 Puto
345 5472 456 5529 schedas
468 5472 634 5533 academicae
643 5473 752 5545 publice
764 5474 881 5532 edendas
889 5475 932 5539 vel
946 5476 1147 5550 praelegendus.
1233 5478 1377 5551 necue.
1398 5479 1480 5537 codd.
1497 5477 1582 5535 Geth.
1595 5478 1640 5534 28.
1652 5487 1686 5545 et
1700 5476 1778 5532 tot:
1808 5480 1947 5550 ntum,
1960 5477 2187 5548 stAplellluet't

1310 5547 1398 5629 29·
