4748 6022
52 351 133 428 ηρ
506 390 508 395 .
628 339 1066 418 nersrouanuu
1106 337 1223 421 crs.
1250 340 1315 420 xe
1365 340 1523 422 sess·
1851 392 1867 413 .
2021 313 2096 429 s'so

54 511 202 610 ceat'),
224 531 257 585 et
274 516 312 585 in
326 541 365 587 ea
380 517 470 588 urbe
491 539 613 587 rursus
628 512 843 584 Graecarum
867 512 1052 583 literarum
1103 523 1201 582 catus
1215 525 1284 598 est,
1309 538 1380 609 quo
1404 515 1608 588 testimonio
1622 518 1777 591 ostendit
1797 518 1890 592 filius
1903 521 1970 595 Dei
1991 547 2092 596 suam
2171 605 2174 609 ,

62 620 177 691 itudia
193 624 198 633 '
213 619 398 704 exuscitet,
429 618 489 688 ubi
517 618 671 708 primum
704 610 822 683 iubis
848 613 1052 705 regionibus
1101 614 1300 686 doctrinam
1317 640 1435 686 veram
1449 640 1533 688 esse.

61 714 305 792 Masclionus
320 721 452 791 docuit.
501 714 549 788 Et
565 716 698 808 ipse-ad
720 738 780 784 vos
798 717 970 805 proficisci
990 741 1052 784 cu·
1203 716 1325 806 Quare
1362 716 1440 789 eius
1478 718 1774 813 promissionibus
1812 745 1879 793 nos
1916 737 2091 797 sustente-

50 822 126 925 ‚pit
153 820 222 892 Sed
239 821 330 913 patri
349 821 445 911 prius
459 818 689 889 iudicandum
706 816 774 887 suit
790 830 951 886 nostrum
966 841 1051 887 eon·
1101 837 1192 891 mus.

60 922 194 994 eibum.
243 916 279 990 Ο
296 945 368 990 rem
383 919 569 988 miseram!
608 916 813 987 Irascuntur
827 918 931 987 amici
958 920 1051 1009 opti·
1214 985 1216 989 ,
1266 931 1272 938 ’
1607 931 1797 1031 Philippu,
1813 935 2039 1016 Melgnphgn·

60 1046 119 1093 me
139 1022 340 1090 volentibus
362 1017 539 1089 Ecclesiae
563 1032 598 1090 et
621 1019 725 1108 ipsis,
758 1021 854 1110 quod
877 1015 1050 1088 Ecclesiae

60 1123 101 1194 in
119 1117 580 1193 hislocisnondeserimus.
628 1114 841 1211 Epectamus
864 1120 973 1207 igitur
993 1119 1050 1188 vel
1108 1164 2088 1198 ---.....................,,,,,,,,-,,

56 1224 177 1317 ipsum
187 1216 366 1291 Meuium
388 1221 584 1302 iuniorem,
608 1221 662 1289 vel
675 1222 805 1293 literas.
857 1219 895 1291 Si
918 1220 1050 1289 retine-
1409 1283 1415 1291 .
2043 1250 2049 1274 ··

57 1327 158 1397 bitur
168 1315 540 1405 Meuius,mittemus
555 1320 664 1393 alium
674 1319 750 1392 Deo
767 1321 930 1407 iuvante,
945 1321 1048 1391 etiam
1098 1311 1292 1390 Nomi.
1562 1369 1567 1377 -
1935 1334 1992 1397 17.
2001 1327 2090 1391 Μιη.

58 1426 241 1509 idoneum.
292 1422 401 1493 Mitto
416 1420 483 1492 tibi
495 1423 669 1513 pagellas,
692 1436 796 1514 teque
815 1446 895 1506 oro,
921 1437 961 1493 ut
974 1446 1050 1490 sae-
1105 1410 1277 1440 *Ν
1921 1416 2091 1447 '⁴⁸'

59 1548 105 1618 pe
121 1526 167 1595 ad
191 1547 256 1595 nos
275 1524 418 1594 scribas.
442 1524 532 1593 bene
551 1536 586 1592 et
599 1524 749 1594 feliciter
766 1524 853 1596 vale.
904 1519 972 1592 Die
991 1524 1049 1596 17.
1303 1512 1538 1598 Testimon.
1571 1510 1709 1599 Gotho
1738 1515 1906 1606 datum.

58 1623 206 1709 Martii,
228 1637 399 1716 quoante
419 1646 532 1693 annos
552 1619 709 1695 151401
730 1636 844 1693 morte
868 1637 1050 1694 revocatus
1167 1668 1191 1740 †
1212 1667 1249 1720 E,
1263 1670 1429 1741 ¹²²0sr¹el⁰
1444 1671 1483 1739 (ἶ)
1503 1671 1531 1725 ia
1552 1671 1614 1728 md·
1627 1671 1798 1745 Gnetplmt.
1811 1677 1838 1732 4,
1857 1675 1911 1732 tot.
1924 1675 2010 1732 dm,
2030 1685 2089 1733 m

58 1740 113 1798 esi
135 1726 173 1795 ln
196 1724 304 1794 vllam
329 1723 496 1808 Lazarus,
522 1749 594 1825 qup
619 1725 820 1796 testimonio
842 1725 1051 1809 confirmttll,
1199 1737 1542 1795 s.v.01saauum·o.-
1577 1741 1689 1797 Contuli
1708 1744 1861 1818 apogrepba
1880 1746 1911 1802 iu
1925 1745 1990 1802 eod·
2050 1746 2089 1802 lb.

60 1840 156 1897 certo
171 1826 322 1895 uiamus
337 1825 589 1918 promissiones
604 1823 688 1896 Filii
708 1827 774 1898 Dei
789 1849 889 1897 veras
904 1850 996 1912 esse,
1016 1839 1050 1896 et
1198 1807 1242 1864 ¹⁹·
1257 1826 1284 1878 t>-
1298 1807 1330 1860 ¹⁹
1337 1805 1362 1865 ¹²·
1373 1817 1400 1861 ⁶²
1412 1807 1476 1863 esd.
1491 1808 1604 1868 Monac.
1616 1811 1659 1867 ts.
1673 1831 1702 1884 p.
1712 1813 1784 1872 ees,

54 1927 230 1999 auxilium
246 1942 477 2020 expectemus.
1097 1920 1276 2026 Decanas
1291 1953 1440 2050 collegii
1450 1950 1703 2056 philosophici
1716 1959 1756 2031 in
1773 1958 1972 2036 Academia
1990 1963 2061 2040 W
2057 1966 2089 2036 i-

422 2066 427 2075 ·
1098 2054 1317 2152 tebergeasi,
1343 2051 1597 2156 Philippus
1617 2057 1907 2135 Melanthea
1930 2064 2089 2139 salntem

1254 2152 1342 2229 dicit
1359 2156 1527 2231 omnibus
1542 2156 1689 2233 lecturis
1701 2158 1774 2236 isos
1791 2163 1933 2245 literas.

1097 2266 1267 2379 Semper,
1282 2290 1403 2383 inquit
1420 2289 1603 2376 irenaeus,
1617 2297 1732 2367 adfuit
1747 2295 1842 2370 lilius
1850 2296 1918 2370 Dei
1930 2296 2088 2374 humano

56 2346 256 2479 Q·
889 2354 1048 2473 ¹Q}
1098 2391 1237 2475 generi,
1254 2391 1418 2461 videlicet
1432 2388 1609 2463 Ecclesiae
1624 2418 1718 2470 suae.
1768 2397 1883 2495 Hie)
1896 2403 1934 2471 in
1949 2405 2088 2475 diluvio

563 2548 571 2566 ,
656 2549 665 2569 ‚
1099 2500 1190 2557 sectr.
1206 2493 1251 2558 ad
1267 2492 1546 2579 gubernaculum
1561 2494 1599 2562 in
1616 2519 1715 2582 arca,
1729 2512 1764 2569 et
1778 2502 1918 2590 exigeres
1936 2505 2015 2574 illas
2032 2529 2088 2574 re-

404 2545 469 2628 lo.
498 2541 605 2656 Sil&
607 2543 701 2632 ⁰1⁸⁰·
796 2605 799 2609 ·
1098 2589 1228 2682 liquias
1240 2592 1377 2679 generis
1394 2588 1541 2662 humani
1556 2608 1630 2664 toto
1649 2620 1764 2684 anuo,
1788 2614 1955 2696 tanquam
1972 2601 2089 2695 Argo-

48 2686 52 2701 '
132 2702 219 2764 Daue.
233 2720 294 2775 epp.
309 2700 343 2757 sd
357 2699 451 2773 stiget.
464 2720 507 2772 ep.
522 2700 568 2757 25.
579 2699 649 2757 eod.
663 2699 748 2756 Gort.
762 2699 822 2755 188.
836 2717 879 2772 ep.
893 2698 936 2755 94.
1098 2705 1222 2760 nautas
1243 2717 1343 2778 suos,
1375 2694 1411 2761 in
1435 2695 1541 2764 undis
1566 2696 1657 2766 rexit
1682 2713 1717 2768 et
1743 2705 1907 2780 servavit.
1963 2704 2033 2777 Hic
2048 2704 2088 2799 ‘)

1097 2793 1252 2862 servabit
1272 2816 1369 2863 nunc
1389 2817 1530 2886 quoque
1554 2818 1653 2864 suam
1673 2795 1791 2887 Argo,
1814 2800 2009 2876 Ecclesiam
2031 2809 2087 2876 vi-

1098 2892 1224 2962 delicet
1241 2918 1361 2977 suam,
1383 2917 1474 2986 quae
1495 2907 1613 2965 custos
1628 2911 1680 2968 est
1694 2901 1875 2973 doctrinae
1889 2902 2086 2998 Evangelii,

1098 3008 1133 3065 et
1156 3017 1236 3062 vere
1259 2994 1399 3066 invocat
1422 2991 1558 3081 Deum,
1590 2999 1751 3090 quamvis
1779 3005 1917 3077 duriter
1942 3031 2085 3101 quassa·

1096 3090 1187 3164 tam³
1196 3093 1212 3187 )
1228 3095 1321 3166 inter
1336 3097 1508 3167 tumultus
1529 3096 1772 3189 imperiorum.
1820 3101 1913 3177 Cum
1928 3109 2037 3199 igitur
2052 3125 2086 3186 et

58 3187 234 3291 Semper,
261 3198 378 3291 inquit
394 3195 577 3282 heuneus,
602 3199 717 3268 adluit
731 3198 824 3267 lilius
837 3196 904 3268 Dei
929 3200 1048 3288 generi
1097 3197 1312 3288 praeceperit
1323 3193 1437 3281 Deus,
1462 3212 1502 3269 ut
1525 3198 1707 3271 literarum
1727 3204 1845 3275 studia
1865 3209 2085 3305 colantur‘)‚

57 3297 236 3384 humano,
260 3296 437 3369 Ecclesiae
451 3300 614 3369 videlicet
627 3322 720 3368 suae.
771 3297 893 3370 Hicin
910 3303 1046 3371 diluvio
1096 3310 1131 3367 et
1145 3298 1364 3389 promiserit,
1387 3321 1422 3367 se
1444 3302 1625 3370 custodem
1647 3317 1681 3372 et
1702 3320 1916 3378 servatorem
1936 3314 2012 3382 lore
2026 3315 2085 3383 di-

56 3405 182 3473 sedens
205 3403 249 3469 ad
271 3401 549 3490 gubernaculum
573 3401 611 3469 iu
628 3396 737 3485 Arca,
762 3398 985 3491 Argonautas
1002 3404 1047 3472 il·
1095 3399 1287 3481 scentiam,
1313 3401 1595 3491 obtemperemus
1621 3404 1796 3476 voluntati
1816 3406 1886 3478 Dei
1911 3426 1946 3483 et
1970 3414 2016 3483 ab
2042 3438 2083 3485 eo

57 3504 112 3573 los
135 3522 216 3572 suos
238 3516 353 3571 totum
387 3524 520 3570 annum
541 3502 635 3572 iuter
657 3503 783 3572 fluctus
808 3504 1047 3589 circumvexit,
1068 3528 1072 3555 ι
1095 3500 1265 3569 auxilium
1288 3514 1322 3571 et
1338 3501 1579 3571 defensionem
1597 3505 1872 3604 expectemus⁵).
1921 3512 1981 3584 Sic
2002 3538 2086 3585 cum

54 3618 97 3677 ut
112 3605 250 3693 exiguas
269 3598 447 3672 Ecclesiae
463 3626 544 3671 suae
558 3603 726 3694 reliquias
742 3618 906 3673 servaret.
946 3602 1045 3674 ldem
1067 3560 1072 3692 l
1095 3602 1286 3672 sentiamus
1311 3601 1482 3671 mediocri
1505 3604 1623 3672 studio
1639 3605 1788 3678 iacimus
1803 3634 1927 3701 operas
1944 3609 2082 3686 theolo-

58 3730 155 3776 nunc
170 3728 310 3799 quoque
324 3703 478 3772 servabit
491 3726 589 3771 suam
602 3699 717 3792 Argo,
733 3729 837 3796 quam
854 3707 997 3797 quidem
1013 3720 1047 3777 et
1067 3750 1071 3787 ,
1094 3695 1245 3793 gicas⁸).
1294 3699 1384 3772 Cum
1407 3703 1516 3792 igitur
1530 3728 1572 3772 ex
1593 3705 1722 3800 inclyta
1737 3706 1927 3783 Academia
1942 3713 2082 3809 Lipsica

55 3802 214 3878 humeris
228 3806 300 3874 suis
316 3804 492 3896 imponet,
517 3818 558 3873 ut
571 3804 625 3871 illi
642 3802 788 3888 Graeci,
814 3830 893 3874 cum
904 3808 946 3875 ad
959 3806 1046 3900 Syr·
1094 3798 1165 3872 hut
1187 3803 1338 3872 vesslml
1360 3796 1529 3873 Til⁰m⁰⁸
1551 3796 1716 3893 6091113,
1746 3807 2013 3903 N⁰tlllt¹⁸²sst1⁸‚
2046 3833 2081 3888 el

57 3923 108 3982 22,
129 3907 318 3978 venissent.
344 3903 497 3997 'Viden
526 3906 564 3971 in
583 3927 669 3997 quas
685 3905 807 3998 Syrtes
827 3907 960 4000 ubique
974 3905 1045 3977 Ec·
1092 3902 1212 3973 literas
1236 3899 1466 3990 exhibuisset,
1500 3929 1589 3999 quae
1613 3911 1852 4000 testabantur,
1875 3939 1957 3988 eum
1976 3919 2082 3989 bonis

56 4009 161 4078 clesia
186 4007 346 4096 pellatur.
398 4002 439 4073 ln
456 4002 599 4093 Belgico
622 4000 743 4071 rec'ens
764 4018 924 4077 matrona
940 4009 1044 4077 nobi·
1093 4006 1253 4075 moribus
1274 4005 1472 4096 praeditum
1497 4028 1590 4088 ωε»
1613 4023 1648 4078 el
1672 4027 1805 4103 peteret
1826 4019 1991 4105 madum,
2017 4020 2079 4113 qui

57 4109 119 4192 lis,
151 4108 257 4175 vidua
280 4105 437 4189 comitis,
464 4118 498 4173 et
519 4103 645 4173 unicus
663 4103 862 4190 similius,
887 4131 1044 4195 egressus
1092 4103 1300 4174 attribuitur
1332 4105 1632 4190 adolescentibus.
1670 4114 1732 4205 qui
1758 4111 2023 4190 Grammallceu
2047 4137 2082 4196 et

56 4208 347 4287 adolescentiam,
365 4205 529 4276 decollati
547 4219 647 4290 sont,
663 4220 845 4297 propterea
861 4208 955 4299 qnod
967 4208 1044 4275 An·
1092 4203 1298 4274 dialecticen
1322 4220 1357 4276 et
1381 4208 1552 4280 elementa
1576 4215 1748 4305 quaedam
1765 4211 2010 4312 philosophiae
2021 4221 2078 4293 di·

55 4311 285 4382 tonianorum
299 4304 497 4402 καπηλείας
514 4307 706 4378 noluerunt
723 4308 918 4381 admittere.
968 4304 1043 4376 Ex·
1092 4303 1272 4392 dicerunt,
1298 4321 1334 4377 et
1355 4305 1503 4381 aBacca
1516 4311 1609 4383 lauri
1624 4336 1753 4385 nornen
1771 4310 1892 4405 babet,
1917 4322 2078 4414 explora·

54 4428 234 4505 pectamus
255 4425 288 4479 et
311 4434 375 4478 rros
399 4432 490 4478 nova
512 4408 636 4490 exilia,
661 4432 750 4501 quae
764 4411 937 4498 gubernet
949 4409 1042 4481 filius
1090 4405 1207 4475 vimus
1222 4407 1298 4479 eius
1313 4410 1571 4499 eruditionem,
1592 4437 1632 4483 ac
1647 4417 1899 4507 comperimus,
1921 4445 2002 4492 eum
2023 4423 2076 4495 la-

53 4510 134 4585 Dei.
189 4511 376 4600 Negotium
404 4527 524 4594 tuum,
550 4523 586 4578 et
602 4509 746 4590 viduae,
772 4511 959 4600 diligenter
979 4535 1042 4582 cu·
1089 4506 1202 4577 tinam
1226 4510 1383 4601 linguam
1407 4513 1562 4584 studiose
1586 4514 1768 4602 didicisse,
1793 4533 1926 4594 etcum
1948 4539 2075 4597 natura

52 4615 228 4697 abimus,
255 4612 386 4681 Paulus
406 4625 528 4700 elego.
580 4603 814 4680 Paulnsiam
836 4615 909 4682 etlit
928 4608 1042 4682 histo·
1090 4611 1135 4678 ad
1158 4609 1359 4682 facundiam
1385 4613 1552 4684 idoneum
1576 4637 1666 4697 esse,
1692 4630 1767 4687 tum
1790 4644 1874 4692 vero
1896 4623 1944 4695 ita
1959 4628 2078 4698 excul-

50 4715 140 4787 riam
156 4739 175 4784 a
191 4715 309 4785 reditu
322 4712 516 4807 Babylonis
530 4734 642 4804 usque
653 4714 698 4780 ad
716 4713 889 4783 excidium
906 4712 1042 4785 leroso-
1090 4723 1164 4781 tum
1189 4714 1371 4800 doctrina,
1394 4729 1435 4786 ut
1456 4729 1549 4785 recte
1570 4715 1680 4787 latine
1701 4719 1879 4814 loquatur.
1927 4721 1977 4802 Et
2002 4752 2074 4800 nou

45 4818 187 4912 lymae,
212 4815 350 4885 erudite
364 4827 578 4897 contextam,
602 4837 708 4904 quam
730 4815 827 4883 brevi
844 4814 1040 4886 vobismit-

49 4930 135 4991 tam.
168 4914 332 4987 Nostram
348 4914 555 5000 amicitiam,
580 4913 782 5007 ubicunque
797 4914 1039 5003 erirnus,volo
1432 4985 1439 5000 .

51 5032 229 5092 aeternam
252 5040 335 5087 esse.
392 5013 492 5088 Bene
511 5015 610 5101 vale,
634 5015 693 5085 die
718 5016 777 5087 17.
799 5014 941 5105 Martii,
967 5043 1039 5113 quo
1121 4985 1154 5135 il)
1170 4982 1492 5124 &2:gzffigm'

48 5133 131 5194 aute
153 5141 268 5191 annos
284 5114 382 5191 1514
396 5116 551 5191 Lazarus
565 5140 613 5197 ,ex
628 5131 743 5197 morte
756 5117 795 5187 iu
812 5119 922 5190 vitam
936 5143 1039 5191 revo-
1121 5153 1152 5222 3)
1175 5152 1246 5207 cod.
1262 5150 1343 5206 Goth.
1358 5161 1518 5220 quanam.

1121 5239 1154 5298 4)
1169 5236 1242 5293 cot.
1256 5236 1340 5293 Goth.
1351 5241 1487 5294 colamur.

1120 5325 1149 5396 6)
1170 5323 1240 5377 cod.
1256 5322 1338 5377 Goth.
1349 5332 1481 5390 petemus
1493 5332 1521 5378 et
1533 5336 1721 5394 expectemus.
1739 5359 1775 5375 ·-
1807 5331 1855 5388 un
1869 5334 1961 5395 verbis
1974 5334 2072 5393 desiuit

61 5371 271 5482 'namna
286 5406 341 5466 a..
357 5402 479 5466 umus.
515 5403 577 5465 vta
597 5422 641 5481 q.
658 5401 869 5465 arwam
887 5404 1038 5465 caua
1154 5392 1514 5498 enervandum
1653 5483 1660 5498 ·

116 5477 193 5536 Μ·
1121 5476 1152 5553 6)
1169 5476 1241 5535 cot.
1256 5476 1368 5537 Monac.
1377 5481 1576 5556 emmam,
1594 5493 1693 5543 restes
1708 5496 1738 5543 ut
1753 5485 1870 5548 videtur.

15 2852 21 2859 ’
52 2847 284 2927 Clarissimo
299 2851 396 2937 viro,
419 2848 621 2923 eruditione
636 2860 668 2922 et
685 2851 814 2922 virtute
826 2851 1049 2948 praestanti,

56 2952 112 3032 D.
130 2953 159 3025 I
164 2951 308 3025 oanni
327 2949 553 3047 Sligelio,
577 2958 632 3047 τῷ
655 2955 736 3047 Θεῷ
748 2950 812 3026 καὶ
834 2956 915 3034 ταῖς
928 2947 1048 3027 Μού-

200 3076 281 3136 occec
293 3049 401 3151 φίλῳ,
428 3052 547 3124 amico
561 3077 629 3123 sao
645 3055 774 3128 caries.
800 3052 841 3124 S.
852 3050 907 3128 D.

38 5306 268 5328 W

1255 5798 1291 5883 'b
