4748 6022
679 329 1117 414 nrrsronsnun
1168 326 1357 437 mex.
1412 323 1544 403 1⁵47.

201 520 259 563 turn
276 505 549 580 Witebergeusinm,
580 518 611 561 ut
626 508 745 562 Caesaris
766 506 886 560 anianum
907 505 1046 560 flecterent
1065 498 1087 553 si

202 578 267 630 urbs
280 579 312 629 ab
330 576 380 630 illo
398 587 546 647 expugnata
565 577 655 630 luerit.
691 574 761 629 Nihil
777 574 886 643 quidem
906 583 1042 644 praeterea
1057 568 1086 619 in

202 644 324 715 epistolis
339 644 373 698 ‹le
384 647 434 698 bac
445 645 641 716 supplicatione
653 644 766 712 legitur,
792 647 863 695 unde
876 661 940 695 reso
953 640 1006 720 hoc
1025 647 1087 692 tsn-

202 723 259 766 tum
276 712 367 782 colligi
383 722 488 784 potest,
508 713 709 766 Melanthonem
725 710 779 763 hoc
793 710 924 780 scriptum
937 706 1088 762 Wrteber-

205 801 268 851 gam
283 782 387 834 rrsittere
402 800 457 834 non
478 782 611 852 potuisse,
638 782 679 835 vel
693 789 767 833 certe
782 776 939 849 lmperstori
960 774 1087 828 traditum

203 868 260 904 non
272 869 339 902 esse.
356 882 391 895 -
423 848 534 902 Servata
548 857 637 901 autem
656 849 736 901 uobis
748 856 787 901 est
800 847 897 916 duplex
915 844 1007 914 scripti
1028 842 1089 895 lor-

203 937 265 982 ma,
286 919 368 970 altera
383 937 397 970 a
410 916 515 970 Perelio
531 917 599 969 edita
635 917 715 970 altera
729 935 808 986 quam
824 914 914 966 inveni
929 915 955 967 in
972 929 1089 982 apogra-

204 986 434 1057 plrocod.llasil.,
455 1003 522 1054 quae
536 985 569 1037 ab
584 954 628 1037 illa
641 986 676 1039 ita
690 985 795 1037 diversa
810 992 866 1046 est,
885 991 914 1034 ut
926 983 971 1035 hic
983 990 1090 1060 utram·

203 1073 257 1126 que
274 1053 415 1125 separatim
430 1052 493 1105 darc
504 1053 659 1106 consultum
674 1053 818 1108 rideretur.
852 1050 881 1106 si
895 1051 1089 1104 coniecturam

203 1143 250 1187 re,
269 1123 302 1174 de
316 1140 367 1191 qua
382 1131 517 1190 praeterea
529 1121 594 1174 nihil
626 1139 718 1174 rossus
732 1122 847 1186 scimus,
875 1119 945 1172 licita
959 1127 1013 1183 est,
1037 1135 1090 1187 pu-

202 1189 333 1254 taverim,
354 1188 558 1242 Melanthooem
573 1140 624 1243 rei
626 1198 722 1257 sponte
731 1187 773 1243 rel
787 1199 882 1257 rogatu
896 1187 1047 1240 amicorum
1061 1185 1089 1236 iu

203 1258 270 1310 urbe
283 1255 415 1308 eiusmodi
430 1257 656 1328 supplicationem
670 1259 788 1328 primum
803 1257 959 1309 festinanter
969 1254 1089 1324 scripsis-

201 1323 842 1463 115131).ἶῖἒὶῗὲαἳέἲὲἱεὲῗᾷῗωιῦἒῖῗ
860 1322 1088 1445 tt'ti‘lssttlt‘

202 1461 275 1515 banc
287 1461 406 1516 servarit
420 1462 504 1514 codex
517 1460 598 1516 Basil.
618 1493 653 1503 -
1081 1426 1090 1457 ’

242 1563 293 1660 Α)
320 1565 545 1657 Scriptum
574 1593 618 1636 ex
645 1568 746 1641 Mel.
772 1565 941 1638 Consil.

94 1677 142 1751 ‘II
160 1677 337 1779 θεολογία
367 1705 442 1777 qua
468 1677 641 1753 honestae
666 1682 836 1776 coniuges
861 1675 1088 1751 sacerdotum

97 1780 278 1879 supplices
291 1775 347 1848 ad
359 1781 619 1879 Imperatorem
636 1783 692 1853 uti
704 1783 865 1880 possint,
894 1806 938 1850 oe
953 1778 1088 1850 bellum

100 1879 280 1969 Ecclesiis
297 1879 538 1977 Evangelicis
557 1884 713 1984 inserat:
748 1882 885 1979 scripta
908 1910 932 1952 a
949 1877 1088 1978 Philip.

364 1981 559 2059 Melanth.
587 1983 695 2056 Anno
714 1988 823 2061 1542.

97 2097 277 2188 Ferarum
303 2119 409 2191 etiam
432 2134 578 2190 naturae
592 2118 688 2190 Deus
710 2117 805 2190 hunc
828 2142 968 2187 sensum
992 2117 1089 2184 indi-

99 2220 170 2302 dit,
197 2234 236 2288 ut
251 2235 378 2291 matres
395 2223 601 2291 defensurae
625 2223 758 2291 catulos
774 2245 856 2290 suos
867 2218 912 2313 ¹),
938 2220 1088 2308 impavi7

99 2322 164 2389 dae
181 2320 219 2386 in
238 2322 306 2390 tela
322 2323 471 2394 irruant.
508 2321 580 2391 Nos
598 2347 668 2414 quo
686 2324 804 2390 animo
821 2345 893 2390 esse
910 2321 1089 2404 debemus,

99 2421 168 2487 iam
185 2421 279 2489 bello
297 2436 411 2506 moto,
445 2436 479 2491 et
494 2424 638 2492 collecto
661 2425 815 2492 exercitu
829 2447 870 2490 ex
884 2420 1090 2490 nationibus

99 2520 243 2604 exteris,
269 2547 358 2614 quae
376 2522 563 2593 fascinatas
580 2526 849 2614 superstitione,
875 2537 908 2592 et
925 2520 1089 2591 incitatae

99 2622 286 2692 virulentis
309 2624 495 2693 calumniis
511 2629 678 2696 adversus
698 2651 763 2695 nos
785 2624 961 2708 confictis,
996 2623 1088 2691 infe-

99 2723 270 2792 stissimae
286 2737 368 2793 sunt
381 2750 520 2794 caussae
536 2727 700 2797 nostrae?
728 2728 898 2796 Videmus
915 2739 1088 2817 quantum

98 2823 300 2914 impendeat
317 2827 572 2915 periculorum,
596 2852 669 2897 non
686 2842 823 2899 tantum
834 2827 958 2911 nobis,
979 2851 1017 2895 ac
1033 2829 1088 2895 fa·

97 2925 206 2992 millis
222 2928 371 3007 nostris,
405 2930 466 2996 sed
483 2943 534 2999 tot
549 2932 712 3018 gentibus
729 2955 768 3000 ac
784 2928 1029 3019 Principibus,
1054 2942 1089 2999 et

96 3025 165 3116 ipsi
179 3022 368 3100 Ecclesiae.

198 3123 275 3194 Etsi
292 3152 474 3198 movemur
494 3130 645 3198 orbitate
662 3132 855 3200 liberorum
873 3147 1088 3216 nostrorum,

96 3241 216 3296 tamen
234 3250 298 3295 nee
318 3228 435 3297 mariti
452 3232 584 3314 nostri,
615 3255 680 3298 nec
696 3254 761 3299 nos
779 3245 928 3300 mortem
950 3231 1088 3320 defugi·

95 3350 197 3410 mus,
232 3351 338 3420 quam
360 3329 398 3397 in
421 3331 639 3401 confessione
661 3332 743 3400 fidei
765 3327 899 3402 Christi
922 3348 1087 3424 oppetere

96 3428 291 3519 gloriosum
307 3430 480 3507 ducimus,
514 3429 597 3502 Alia
613 3447 695 3503 sunt
709 3433 794 3502 belli
810 3435 955 3504 vulnera
973 3435 1086 3505 multo

97 3528 290 3612 nunciora,
323 3556 413 3622 quae
430 3545 511 3602 uere
536 3549 569 3604 et
593 3536 832 3626 deprecanda,
863 3550 897 3606 et
920 3536 1088 3627 pertime-

97 3632 225 3700 scenda
245 3644 345 3716 sont,
381 3658 455 3701 non
476 3648 613 3705 tantum
636 3636 862 3721 mulieribus,
896 3637 1085 3707 sedetiam

96 3731 183 3799 siris
199 3732 362 3817 fortibus,
385 3737 584 3806 amantibus
593 3731 927 3808 CliristiEcclesiam
936 3737 982 3833 ²):
1009 3736 1086 3807 Ho-

97 3845 213 3901 nestas
227 3846 425 3931 matronas,
459 3859 499 3905 ac
516 3839 651 3928 puellas
667 3839 826 3922 nobiles,
859 3854 958 3910 natas
975 3841 1013 3908 in
1033 3840 1087 3909 la-

97 3933 207 4001 miliis
221 3929 397 4021 honestis,
418 3940 595 4026 praeditas
608 3940 750 4030 optimis
767 3940 943 4026 moribus,
969 3937 1084 4011 Deum

97 4046 188 4103 recte
205 4035 359 4104 colentes
374 4039 450 4128 rapi
472 4041 516 4108 ad
533 4054 653 4128 stupra
675 4064 694 4107 a
710 4041 870 4109 barbaris
886 4058 920 4111 et
941 4044 1085 4113 furiosis

95 4134 271 4203 militibus
293 4137 471 4214 nolumus.
524 4139 710 4211 Vastitates
724 4136 982 4223 Ecclesiarum,
1009 4156 1085 4212 tru-

95 4234 221 4305 cidatis
234 4237 490 4324 sacerdotibus,
514 4241 626 4309 deleta
644 4240 809 4324 veritate,
834 4241 995 4311 extinctis
1009 4257 1085 4313 stu-

96 4334 167 4403 diis
182 4330 408 4406 honestarum
425 4341 572 4422 artium,
598 4343 734 4410 suturas
753 4365 824 4410 esse
842 4343 1084 4432 prospicimus.

196 4434 335 4504 llorum
361 4438 597 4526 periculorum
621 4443 784 4531 cogitatio
806 4467 972 4533 pavorem
1004 4467 1085 4512 mu-

96 4534 243 4605 liebrem
260 4539 343 4607 vicit
358 4536 408 4629 ³),
431 4565 565 4635 nosque
580 4536 752 4633 perpulit,
775 4554 956 4635 ut'magno
972 4543 1083 4633 agmi-

96 4660 142 4705 ne
157 4638 201 4705 ad
221 4651 254 4706 te
270 4636 461 4731 Imperator
478 4645 639 4734 quamvis
652 4660 847 4729 armatum,
873 4660 907 4716 et
922 4649 965 4714 ad
985 4669 1082 4715 exer-

95 4737 206 4808 citum
224 4735 253 4832 ⁸)
281 4741 320 4808 in
347 4745 528 4832 procinctu
550 4756 699 4814 stantem
722 4748 984 4831 accederemus,
1019 4772 1083 4817 ceu

95 4841 274 4932 quondam
290 4840 444 4914 Sabinae
465 4869 502 4915 se
524 4845 617 4914 inter
633 4847 767 4916 medios
788 4849 959 4919 exercitus
983 4850 1081 4918 intu-

92 4939 175 5008 lisse
191 4942 376 5030 seruntur,
409 4960 443 5017 et
457 4948 727 5037 deprecaremur
750 4972 824 5016 non
849 4972 989 5033 necem,
1020 4952 1081 5021 sed

90 5039 241 5131 impium
256 5044 389 5114 bellum
408 5060 442 5116 et
460 5049 598 5120 exitiale
613 5048 746 5141 patriae
761 5062 795 5119 et
810 5045 997 5125 Ecclesiae.

91 5160 124 5177 .-

123 5223 153 5288 l)
167 5239 222 5289 pro
233 5224 335 5277 catulis
347 5226 409 5278 sres's
427 5226 487 5280 cod.
502 5225 585 5283 Goth.
600 5226 662 5281 189.
725 5282 728 5289 ,

121 5304 153 5373 2)
171 5310 445 5364 amantissimorum
461 5314 640 5368 ecclesiarum
653 5311 757 5367 Christi
772 5312 834 5370 eod.
850 5312 931 5370 Goth.
948 5314 1009 5372 189.

122 5391 152 5459 8)
171 5394 255 5446 vincit
274 5395 337 5451 cod.
351 5394 435 5452 Goth.
452 5396 511 5453 189.

120 5474 156 5548 t)
172 5485 253 5533 wem
270 5477 337 5538 cod.
353 5478 437 5538 Goth.
452 5481 512 5540 189.

2055 325 2131 401 592

1241 497 1454 592 Quanquam
1469 512 1585 568 autem
1593 493 1952 593 Erinnyasquasdam
1965 495 2032 567 tibi
2044 491 2131 565 hor-

1139 600 1279 669 tatrices
1296 624 1368 669 esse
1383 602 1426 670 ad
1449 600 1582 668 bellum
1599 599 1746 683 scimus,
1777 614 1894 671 tamen
1910 599 2001 668 lama
2024 598 2131 667 honi-

1140 701 1221 771 tatis
1237 715 1317 771 tuae
1333 724 1429 793 spem
1445 702 1548 770 nobis
1563 700 1667 783 facit,
1704 712 1737 768 te
1752 701 1864 769 nostri
1881 712 1999 769 coetus
2016 693 2130 768 hone-

1140 815 1209 871 stas
1231 816 1264 871 et
1285 802 1361 893 pias
1385 826 1504 892 preces
1537 801 1773 870 admissurum
1796 784 1886 884 esse,
1924 798 2130 891 praesertim

1140 927 1220 971 cum
1235 916 1270 972 et
1285 926 1442 972 caussam
1456 917 1612 973 nostram
1630 924 1696 971 nos
1710 902 2001 992 probaturosesse
2013 899 2131 970 omni·

1141 1005 1208 1072 hus
1234 1005 1297 1094 piis
1320 1028 1393 1074 non
1415 1005 1634 1086 dubitemus,
1673 1017 1706 1072 et
1730 1017 1890 1072 nostrum
1923 1001 2132 1092 periculum,

1142 1128 1221 1173 cum
1237 1105 1344 1173 totius
1359 1101 1536 1174 Ecclesiae
1554 1103 1710 1192 periculo
1727 1104 1956 1174 coniunctum
1977 1126 2066 1186 esse,
2092 1113 2133 1171 tu

1141 1205 1215 1294 ipse
1230 1206 1360 1274 videas.
1410 1204 1499 1274 Nam
1525 1230 1606 1274 cum
1623 1204 1669 1272 'in
1692 1205 1839 1276 summis
1860 1202 2019 1293 Regibus
2041 1202 2131 1271 emi-

1141 1329 1224 1374 nere
1240 1307 1380 1375 bonitas
1396 1308 1539 1389 debeat,
1574 1319 1608 1376 et
1624 1320 1657 1376 te
1673 1307 1717 1375 ad
1735 1300 1913 1375 heroicam
1927 1316 2134 1373 mansuetu·

1141 1407 1261 1475 dinem
1280 1421 1404 1475 natura
1421 1407 1598 1495 genuerit,
1631 1407 1717 1498 quid
1731 1408 1839 1476 fuerit
1861 1405 2043 1495 indignius
2061 1402 2133 1473 lm·

1141 1507 1311 1598 peratoris
1325 1508 1481 1596 fastigio,
1514 1521 1548 1576 et
1567 1508 1718 1577 alienius
1731 1531 1751 1576 a
1766 1520 1892 1578 natura
1914 1519 1993 1592 tua,
2026 1526 2133 1598 quam

1141 1608 1217 1677 lieri
1233 1622 1265 1678 te
1282 1608 1415 1676 alienae
1434 1609 1597 1677 saevitiae
1615 1608 1890 1678 administrum?

1243 1705 1393 1779 Audivit
1407 1708 1484 1781 Rex
1496 1712 1628 1779 Darius
1643 1710 1796 1801 puellam
1805 1707 1979 1779 Ebraeam
1995 1705 2134 1791 Hester,

1141 1811 1414 1879 intercedentem
1433 1812 1566 1880 crudeli
1580 1812 1707 1893 edicto,
1729 1834 1834 1902 seque
1850 1808 2007 1878 revocari
2021 1832 2041 1876 a
2057 1831 2134 1877 sae-

1143 1910 1226 1980 vitia
1245 1934 1366 2000 passus
1383 1926 1443 1981 est.
1484 1909 1657 1980 Davidem
1673 1908 1932 1998 flexitlthigail,
1959 1933 2040 1977 cum
2050 1906 2134 2002 qui·-

1142 2013 1220 2078 dem
1237 2012 1327 2081 iuste
1344 2011 1451 2081 iratus
1461 2026 1560 2085 esset.
1612 2007 1665 2080 Ac
1678 2034 1857 2101 possemus
1872 2009 2000 2079 similia
2017 2033 2134 2080 exem-

1140 2112 1199 2202 pla
1213 2112 1323 2181 multa
1339 2136 1613 2181 commemorare
1626 2112 1861 2181 maximorum
1876 2108 2037 2199 Regum,
2071 2110 2134 2204 qui

1140 2212 1330 2281 mulierum
1352 2214 1515 2303 precibus
1549 2216 1591 2280 ad
1615 2213 1762 2281 meliora
1796 2212 1944 2282 consilia
1978 2210 2134 2280 revocati

1141 2309 1276 2404 sunt⁵).
1327 2311 1446 2400 Quare
1462 2337 1526 2381 nec
1543 2312 1606 2383 tibi
1624 2310 1819 2403 Imperator
1834 2313 2041 2382 indecorum
2056 2312 2135 2396 erit,

1140 2413 1279 2502 piarum
1295 2415 1483 2483 mulierum
1503 2414 1665 2503 precibus
1680 2438 1813 2481 morem
1829 2436 1958 2502 gerere.

1241 2510 1429 2584 Existimes
1445 2528 1579 2600 autem,
1607 2515 1702 2606 quod
1717 2538 1772 2583 res
1789 2528 1851 2597 est,
1874 2513 2059 2582 nobiscum
2075 2507 2134 2583 hic

1141 2616 1534 2685 astare'sanctissimam
1568 2631 1715 2684 matrem
1747 2630 1903 2685 nostram
1926 2610 2133 2699 Ecclesiam,

1140 2739 1230 2806 quac
1249 2740 1328 2785 cum
1347 2731 1491 2807 propter
1507 2731 1626 2786 nostra
1642 2716 1805 2805 coniugia
1822 2716 2044 2807 potissimum
2061 2714 2133 2783 ira-

1140 2816 1190 2884 sci
1207 2814 1321 2903 Reges
1347 2830 1380 2886 et
1399 2817 1582 2908 Principes
1603 2817 1788 2885 universae
1810 2817 1990 2887 doctrinae
2006 2811 2132 2884 Evan-

1140 2916 1222 3005 gelii
1236 2919 1388 3002 videret,
1421 2913 1595 2988 hortatrix
1612 2918 1715 2985 nobis
1731 2917 1818 3000 fuit,
1850 2930 1889 2985 ut
1910 2918 1955 2984 ad
1978 2929 2011 2985 te
2033 2937 2132 2985 acce·

1140 3019 1319 3103 deremm,
1344 3041 1382 3085 ac
1400 3021 1564 3089 mandata
1580 3019 1697 3101 dedit,
1723 3040 1812 3108 quae
1828 3028 1948 3085 nostra
1962 3038 2046 3084 voce
2062 3013 2131 3085 tibi

1140 3119 1266 3208 exponi
1291 3118 1415 3191 voluit.
1468 3117 1573 3206 Quod
1600 3131 1651 3186 est
1673 3131 1789 3187 autem
1813 3117 1940 3186 iustius
1961 3115 2130 3201 officium,

1140 3242 1244 3310 quam
1270 3241 1344 3298 eos,
1386 3219 1448 3310 qui
1472 3219 1682 3309 profitentur
1704 3241 1741 3287 se
1764 3214 1959 3287 Ecclesiam
1980 3229 2130 3287 matrem

1139 3341 1346 3406 agnoscere,
1379 3320 1453 3388 eius
1468 3320 1711 3389 intercessioni
1730 3343 1770 3389 ac
1785 3316 1978 3413 sententiae
1995 3318 2129 3399 cedere,
2147 3342 2154 3355 ·

1138 3420 1240 3491 iustis
1256 3419 1419 3510 precibus
1436 3445 1570 3489 morem
1587 3444 1717 3508 gerere.

1239 3535 1336 3606 llaec
1361 3537 1462 3606 initio
1485 3536 1587 3606 iussit
1605 3537 1671 3605 tibi
1689 3530 1781 3606 hanc
1799 3559 1920 3605 vocem
1945 3535 2129 3605 coelestem

1139 3640 1418 3709 commemorari.
1472 3631 1552 3731 Qui
1565 3634 1720 3706 obstruit
1735 3659 1842 3706 aures
1857 3631 2030 3704 adversus
2047 3630 2129 3703 cla-

1138 3762 1273 3807 morem
1295 3760 1517 3835 pauperum,
1548 3734 1726 3807 clamabit
1744 3737 1886 3832 etipse,
1920 3742 1951 3803 et
1970 3759 2043 3804 oon
2063 3757 2129 3804 es:-

1138 3836 1320 3913 audietur.
1372 3839 1470 3909 Tuas
1488 3863 1605 3930 preces
1622 3837 1834 3927 Imperator,
1866 3837 1895 3905 si
1912 3838 2007 3905 voles
2022 3861 2128 3905 exau-

1138 3941 1219 4027 diri,
1246 3965 1310 4010 nos
1324 3942 1394 4009 iam
1406 3940 1766 4030 exaudideprecantes
1781 3938 1936 4025 crudele,
1955 3938 2127 4007 iniustum

1138 4056 1174 4113 et
1187 4043 1363 4113 nefarium
1379 4041 1526 4112 bellum.

1239 4159 1409 4228 Moveare
1416 4157 1584 4227 foeminei
1599 4181 1701 4229 sexus
1709 4154 1917 4237 reverentia,
1930 4179 2033 4246 par-ce
2045 4180 2127 4248 par·

1137 4259 1190 4326 vis
1206 4259 1344 4349 pueris,
1370 4272 1402 4327 et
1420 4259 1566 4349 puellis,
1592 4260 1722 4352 quibus
1738 4259 1843 4331 etiam
1856 4258 1965 4348 captis
1977 4258 2127 4330 urbibus

1137 4358 1308 4426 immanes
1327 4361 1468 4435 barbari
1491 4385 1634 4452 parcere
1650 4360 1784 4442 solent,
1818 4368 1919 4449 parce
1936 4357 2068 4448 patriae
2091 4375 2127 4432 et

1136 4456 1314 4530 Ecclesiae
1328 4459 1480 4546 Christi,
1514 4487 1603 4554 quae
1626 4475 1677 4530 est
1691 4462 1797 4530 altera
1813 4484 1851 4529 ac
1867 4459 1986 4528 verior
2002 4462 2127 4550 patria,

1135 4560 1256 4652 inqua
1273 4557 1328 4631 his
1343 4564 1451 4632 artois
1472 4577 1648 4632 aeternam
1666 4561 1861 4631 vastitatem
1875 4561 2013 4629 efficies.
2052 4560 2127 4631 Ve-

1135 4661 1313 4731 rissimum
1330 4679 1382 4734 est
1397 4665 1490 4734 enim
1508 4665 1598 4735 illud
1618 4661 1763 4733 Poetae:
1790 4655 1881 4729 Atta
1896 4656 2021 4730 sedent
2037 4658 2126 4733 ciri-

1134 4757 1184 4829 lis
1201 4759 1352 4833 vulnera
1369 4760 1530 4839 dextrae.
1570 4761 1623 4835 Ac
1641 4763 1772 4834 multae
1788 4785 1934 4850 magnae
1951 4777 1985 4834 et
2002 4787 2123 4853 graves

1132 4885 1273 4933 caussae
1293 4880 1392 4949 sunt,
1424 4891 1514 4959 quae
1535 4881 1569 4937 te
1581 4865 1732 4934 maxime
1752 4858 1820 4933 hoe
1840 4879 2017 4955 tempore,
2042 4888 2123 4935 curn

1132 4962 1242 5034 Turci
1258 4967 1637 5056 vagabundivagantur
1653 4967 1691 5035 in
1706 4965 1836 5035 finibus
1851 4962 2015 5035 Austriac
2031 4980 2124 5053 tuae,

1132 5058 1265 5136 hortari
1281 5069 1473 5148 debebant,
1498 5092 1542 5137 ne
1559 5068 1595 5136 in
1613 5066 1805 5136 Germania
1822 5066 2029 5137 intestinum
2045 5067 2124 5138 bel-

1131 5165 1205 5235 lum
1221 5171 1443 5251 accenderes,
1477 5168 1613 5238 etiamsi
1631 5167 1813 5238 incidisset
1828 5169 2052 5259 quorundam
2069 5167 2124 5237 ri·

1130 5280 1230 5335 tuum
1254 5263 1492 5339 humanorum
1522 5269 1692 5353 mutatio,
1735 5292 1842 5363 quam
1873 5291 1947 5337 uon
1972 5267 2121 5340 omnino

1162 5488 1193 5560 5)
1211 5487 1263 5546 llic
1276 5489 1375 5548 desinit
1386 5489 1561 5564 spogrspboo
1575 5490 1604 5546 io
1617 5489 1678 5548 cod.
1691 5488 1775 5547 Gau.
1792 5488 1852 5546 189.
