4748 6022
280 237 361 313 811

282 407 401 501 aliqua
423 399 618 487 Ecclesiae,
656 413 698 473 ut
718 395 861 471 Christo
883 397 1040 470 nascenti
1063 389 1188 492 φάτνη
1211 391 1274 468 καὶ

284 504 494 607 σπάργανα.
544 502 622 574 Hac
640 517 681 575 ut
703 502 915 593 cogitatione
936 515 1036 572 tuum
1059 500 1195 570 luctum
1211 499 1278 567 ali-

284 635 354 705 qua
379 634 420 678 ex
442 619 540 699 parte
559 607 671 690 leves,
696 618 729 674 te
748 599 931 675 adhortor.
982 602 1064 672 Non
1088 601 1184 671 enim
1200 600 1278 670 vult

270 734 351 781 ‘nos
365 708 460 779 Deus
477 707 704 778 succumbere
719 705 886 778 moerori.

385 809 495 898 Quod
514 812 558 878 de
575 805 734 878 historiis
750 807 876 878 vestris
893 800 986 873 nihil
1002 805 1044 872 ad
1064 828 1119 872 me
1134 803 1278 895 scripsi·

284 912 342 998 sti,
365 926 400 981 et
414 911 547 982 doloris
561 909 805 999 magnitudine
820 922 852 978 te
867 907 1078 997 impeditum
1094 928 1166 974 esse
1183 905 1278 975 iudi-

285 1040 347 1099 co,
375 1027 410 1083 et
431 1012 717 1102 significabantur
738 1009 859 1080 omnia
883 1033 924 1077 ex
941 1007 1149 1096 Noriberga.
1199 1004 1278 1078 Etsi

285 1138 349 1206 ego
365 1115 508 1208 quidem
523 1108 566 1184 τὸ
580 1107 697 1208 ἐκβὰν
711 1112 782 1181 iam
795 1124 897 1181 antea
910 1109 950 1181 ta
963 1103 1097 1205 ὀνείρῳ
1108 1109 1278 1192 videram,

284 1229 327 1288 ut
339 1216 444 1286 multi
460 1228 604 1286 norunt.
656 1214 771 1284 Deum
788 1212 894 1282 etiam
912 1234 1064 1295 oremus,
1090 1224 1131 1281 ut
1147 1233 1278 1301 poenas

285 1317 441 1406 mitiget,
469 1317 531 1410 qui
554 1316 697 1407 quidem
720 1315 826 1385 etiam
842 1315 1044 1384 consolatur
1059 1336 1144 1396 nos,
1168 1337 1207 1382 ac
1226 1326 1280 1381 te-

285 1432 416 1503 statur,
448 1442 544 1487 nunc
559 1415 693 1485 Filium
717 1440 818 1485 suum
843 1415 1011 1484 dimicare
1029 1439 1093 1505 pro
1111 1410 1280 1497 Ecclesia,
1390 1445 1396 1454 ·

285 1543 352 1589 nec
369 1519 530 1612 quintam
547 1513 795 1588 Monarchiam
811 1518 967 1587 futuram
987 1539 1070 1584 esse.
1109 1513 1180 1584 Sed
1195 1509 1281 1582 haec

285 1621 384 1694 alias.
437 1618 588 1690 Gratum
609 1614 699 1687 mihi
714 1618 838 1702 facies,
863 1620 894 1687 si
907 1617 1045 1708 saepius
1061 1617 1106 1684 ad
1122 1640 1178 1685 me
1194 1616 1281 1685 scri-

284 1723 357 1795 bes.
408 1719 505 1790 Bene
523 1722 609 1793 vale.
661 1719 728 1790 Die
747 1722 804 1794 19.
822 1717 990 1791 Ianuarii.

1031 1814 1231 1916 Philippus.

305 2143 375 2221 No.
390 2145 503 2223 5711.

286 2242 491 2273 “r

925 2157 983 2218 21.
998 2145 1062 2211 len.
1087 2145 1283 2229 (Serrestee.)

933 2240 1258 2276 m

668 2342 718 2433 G.
745 2344 919 2432 Maiori.
1013 2423 1016 2428 .
1118 2423 1128 2437 ,

307 2504 314 2511 ’
384 2508 470 2579 Epist.
489 2506 537 2563 lib.
553 2505 586 2561 V.
604 2525 631 2579 p.
644 2506 696 2561 819
707 2525 768 2597 sqq.

364 2676 570 2801 Geo'rgio
595 2675 781 2750 Maiori
808 2686 902 2776 (tum
920 2679 1207 2780 alIagdebargi.)

286 2812 333 2903 s.
360 2829 407 2902 D.
456 2829 560 2903 Nosti
582 2831 672 2900 illud
698 2845 816 2914 vetus,
848 2855 981 2901 sacram
1007 2860 1079 2903 rem
1103 2861 1175 2905 esse
1199 2862 1285 2905 cou-

285 2935 428 3016 silium,
457 2956 566 3024 quare
588 2932 742 3023 simplici
756 2932 876 3002 animo
892 2948 928 3003 et
946 2936 1040 3004 bona
1057 2939 1284 3023 conscientia,

286 3037 384 3129 quod
409 3029 499 3102 mihi
522 3034 637 3103 visum
661 3047 713 3104 est
734 3035 778 3102 de
796 3047 855 3104 tua
872 3035 1146 3124 deliberatione,
1174 3041 1285 3129 signi-

285 3137 410 3210 ficabo.
462 3131 598 3219 Credo,
632 3146 667 3203 te
689 3158 764 3204 non
787 3137 941 3206 libenter
967 3140 1125 3208 deserere
1146 3136 1285 3210 Acade-

286 3238 414 3318 miam,
438 3248 473 3305 st
491 3259 553 3327 ego
570 3250 604 3306 te
620 3237 793 3328 optarim,
818 3238 964 3308 retineri
981 3264 1099 3332 posse,
1127 3265 1165 3310 ac
1181 3267 1284 3332 pror-

287 3362 345 3410 sus
362 3340 585 3407 decreveram
601 3339 644 3407 de
663 3338 766 3409 nobis
780 3340 947 3408 omnibus
967 3363 1067 3430 agere
1080 3366 1160 3412 cum
1176 3342 1283 3411 Prin-

287 3441 376 3530 cipe,
402 3450 590 3532 postquam
603 3436 765 3529 Lipsicae
783 3441 980 3510 obsidionis
997 3444 1128 3512 exitum
1145 3444 1283 3513 felicem

269 3538 468 3613 ,vidissem
534 3536 604 3627 Sed
641 3540 739 3606 vides
767 3564 902 3623 moras,
937 3556 972 3633 et
992 3543 1126 3612 interea
1147 3540 1283 3615 hostem

288 3637 508 3722 confirmari,
534 3652 569 3710 et
591 3661 745 3708 crescere
769 3641 919 3726 bellum,
946 3656 1043 3737 tanq.
1066 3645 1282 3731 incendium,

206 3770 209 3776 ’
288 3741 477 3814 cernimus.
530 3737 583 3808 Te
606 3740 714 3829 igitur
736 3736 924 3827 adhortor,
950 3758 990 3814 ut
1015 3745 1118 3837 plane
1141 3761 1282 3832 statuas,

287 3856 370 3914 utro
394 3841 433 3908 in
450 3841 527 3910 loco
544 3863 617 3910 esse
632 3842 744 3912 malis.
796 3841 1075 3935 Norihergaene‚
1102 3872 1147 3916 au
1163 3847 1282 3917 Wra-

288 3942 471 4016 tislaviae?
528 3939 603 4010 lmo
635 3947 678 4010 de
700 3935 913 4015 Northusia
936 3944 1042 4017 hodie
1069 3973 1123 4017 res
1145 3951 1279 4039 integra
1370 4013 1378 4030 ,

289 4061 350 4118 est.
403 4040 562 4127 Deinde,
595 4043 626 4112 si
643 4043 918 4115 Wratislaviam
940 4052 1112 4119 anteferes
1137 4052 1281 4120 caeteris

861 219 1295 301 EPISTOLARUM
1351 224 1459 305 LlB.
1490 224 1537 305 X.
1590 219 1723 304 1547.

2250 232 2330 308 868

1327 399 1539 468 tumultibus
1563 410 1637 470 toto
1654 392 1724 468 hoc
1740 422 1836 470 anno
1850 396 2083 489 Noribergam
2100 406 2175 470 utin
2192 406 2328 493 poterit

1327 496 1519 574 transvehi.
1580 497 1667 569 ldeo
1698 502 1800 594 quasi
1829 501 1950 570 divina
1982 494 2129 599 ἀνάγκῃ
2156 504 2224 574 alia
2246 505 2326 578 loca

1328 603 1426 671 adire
1441 600 1583 691 cogeris.
1623 598 1743 671 Habes
1759 602 1830 672 mei
1845 603 1986 671 consilii
2002 624 2189 680 summam.
2227 605 2327 679 Deus

1327 705 1502 793 gubernet
1517 717 1612 773 tuam
1628 717 1801 789 mentem,
1826 718 1868 773 ut
1885 705 2010 793 eligas,
2027 709 2130 799 'quod
2147 720 2182 777 et
2199 704 2328 781 Eccle-

1327 805 1398 874 siae
1415 819 1448 875 et
1463 804 1530 875 tibi
1544 804 1612 875 erit
1626 805 1865 877 utilissimum.
1904 803 1945 878 B.
1962 803 2006 879 V.
2039 803 2107 875 Die
2120 811 2180 883 21.
2197 808 2274 886 lan.

1787 901 1977 1000 Philippus
1995 905 2223 987 Melanthon.

1339 1199 1406 1270 No.
1430 1198 1542 1276 3712.
1583 1149 1585 1153 '

1328 1297 1541 1339 Μ

2175 1226 2235 1286 21.
2257 1215 2323 1285 Ian.

2152 1308 2324 1335 Μ

1657 1328 1722 1440 Io.
1736 1350 1995 1482 Aurijobro.

1398 1511 1647 1655 †&1³h⁰giiph³
1669 1515 1698 1571 in
1718 1516 1800 1574 codd.
1814 1515 1957 1574 Gothanis.
1978 1517 2031 1576 No.
2044 1520 2105 1576 212
2121 1541 2148 1594 p.
2160 1521 2203 1576 st.
2221 1533 2248 1578 et
2269 1525 2325 1587 No.

1502 1732 1566 1812 M.
1594 1732 1810 1809 Iohanni
1830 1737 2151 1840 Aurisabro).

1332 1860 1529 1956 Carissime
1560 1899 1594 1956 et
1623 1887 1824 1958 doctissime
1846 1883 2033 1962 lohannes.
2090 1889 2138 1962 Ut
2163 1918 2325 1991 quaeque

1333 2000 1458 2056 natura
1474 2003 1525 2058 est
1542 1990 1695 2080 optima,
1729 1991 1777 2059 ita
1793 1991 1943 2059 maxime
1959 2014 2053 2059 acres
2075 2004 2191 2063 motus
2217 1994 2327 2072 habet

1331 2093 1396 2181 τῆς
1416 2087 1689 2188 φιλοστοργίας.
1743 2089 1863 2178 Quare
1887 2115 1961 2159 uon
1980 2093 2122 2179 dubito,
2155 2108 2189 2165 et
2208 2093 2327 2170 hone-

1332 2191 1503 2261 stissimae
1528 2193 1669 2281 coniugi
1694 2206 1773 2262 tuae
1797 2204 1945 2261 mortem
1963 2194 2073 2283 patris
2091 2189 2119 2289 ²)
2143 2196 2323 2287 ingentem

1333 2294 1491 2361 dolorem
1511 2294 1698 2363 allaturam
1714 2318 1805 2378 esse,
1831 2303 1865 2363 et
1881 2306 1914 2362 te
1932 2295 2033 2364 valde
2047 2296 2159 2387 ipsius
2177 2301 2275 2371 luctu
2290 2318 2325 2376 et

1333 2406 1390 2463 tua
1408 2393 1558 2464 orbitate
1572 2395 1774 2475 excruciari.
1826 2394 1894 2465 Sed
1911 2408 1944 2464 te
1958 2421 2041 2476 oro,
2065 2413 2104 2469 ut
2119 2400 2217 2470 illam
2235 2406 2324 2475 celes

1333 2510 1482 2564 mortem
1499 2497 1607 2585 patris
1618 2493 1645 2591 ³)
1659 2499 1769 2565 donec
1783 2497 1969 2586 pepererit,
1996 2514 2030 2568 et
2047 2512 2146 2568 tuum
2163 2505 2326 2575 animum
2364 2514 2365 2519 ’

1333 2597 1424 2664 veris
1443 2598 1745 2668 consolationibus
1766 2598 1888 2687 erigas.
1940 2597 2136 2670 Meministi
2160 2606 2327 2675 dulcissi-

1333 2723 1426 2764 mam
1448 2694 1573 2768 Esaiae
1595 2724 1737 2783 vocem,
1778 2699 1987 2788 gratulantis
2014 2702 2164 2794 quietem
2183 2701 2214 2798 ⁴)
2233 2699 2326 2797 piis,

1334 2823 1413 2868 cum
1430 2798 1495 2880 ait,
1523 2824 1582 2870 eos
1598 2800 1751 2892 praeripi
1765 2800 1973 2870 tristissimis
1982 2806 2187 2893 spectaculis
2202 2811 2327 2897 publi-

1333 2926 1453 2970 carum
1477 2902 1735 2987 calamitatum,
1779 2903 1947 2996 iubetque
1976 2927 2034 2974 eos
2061 2905 2099 2972 in
2126 2909 2235 2977 cubili
2258 2934 2324 2981 suo

1334 3002 1489 3072 suaviter
1521 3005 1701 3096 quiescere
1731 3017 1766 3075 et
1805 3019 1986 3096 expectare
2023 3012 2327 3083 resurrectionem.

1333 3101 1472 3190 Rursus
1486 3103 1546 3173 ille
1563 3118 1596 3174 te
1612 3120 1646 3175 et
1667 3106 1776 3174 filiam
1791 3102 1819 3201 Ι)
1843 3122 1876 3177 et
1892 3121 2043 3176 vestram
2059 3109 2205 3180 filiolam
2228 3138 2325 3182 com-

1333 3207 1506 3297 plectetur
1527 3221 1560 3277 et
1580 3207 1793 3277 dulcissimis
1813 3209 1982 3278 suaviolis
2004 3234 2065 3279 vos
2091 3213 2237 3303 excipiet
2259 3215 2326 3283 ali-

1333 3320 1467 3398 quanto
1485 3322 1574 3397 post.
1625 3306 1714 3378 Eius
1735 3312 1905 3401 temporis
1926 3311 2136 3400 cogitatione
2152 3339 2216 3384 nos
2234 3339 2253 3383 a
2268 3315 2326 3385 lu-

1333 3421 1392 3477 ctu
1414 3409 1640 3482 abducamus.
1691 3407 1787 3498 Ego,
1815 3412 1879 3480 etsi
1903 3412 1960 3479 vix
1982 3437 2000 3481 a
2026 3431 2216 3505 conspectu
2240 3417 2328 3486 belli

1333 3509 1455 3579 oculos
1473 3512 1656 3582 deflectere
1670 3533 1832 3601 possum,
1857 3525 1974 3581 tamen
1995 3513 2101 3580 etiam
2117 3539 2215 3584 nrrnc
2229 3531 2330 3588 vete-

1332 3635 1409 3679 rem
1429 3624 1586 3680 nostram
1608 3612 1898 3680 consuetudinem
1928 3612 2165 3679 dulcissimam
2191 3629 2225 3684 et
2250 3641 2330 3689 ser·

1331 3713 1448 3781 monis
1466 3713 1591 3802 plenos
1605 3711 1797 3801 sapientiae
1812 3705 2041 3798 christianae,
2067 3737 2156 3805 quos
2170 3708 2330 3791 habebat

1331 3813 1369 3880 iu
1393 3825 1571 3881 conventu
1589 3810 1842 3883 Ratisbonensi
1865 3815 2049 3894 recordor,
2084 3839 2123 3882 ac
2147 3817 2326 3890 desiderio

1332 3915 1406 3982 eius
1419 3909 1448 4006 6)
1473 3914 1575 3981 valde
1600 3912 1744 3984 afficior.
1797 3912 1866 3984 Sed
1891 3914 1990 3983 brevi
2013 3938 2078 3983 nos
2097 3917 2238 3987 futuros
2252 3944 2326 3990 esse

1331 4037 1403 4083 sc1o
1427 4038 1500 4082 non
1522 4014 1560 4081 in
1583 4028 1818 4109 tyrannorum
1836 4030 2023 4101 conventu,
2045 4017 2104 4085 sed
2128 4018 2327 4093 incoelesti

288 4147 391 4230 locis,
417 4139 485 4214 hoc
499 4158 614 4235 petas,
639 4160 679 4214 ut
697 4147 740 4215 ab
756 4143 917 4217 Electore
935 4150 1085 4221 Senatus
1102 4165 1215 4243 petat,
1241 4167 1282 4222 ut
1331 4117 1599 4189 ⁰⁰⁰⁵¹²⁰²¹¹di¹¹²·
1631 4114 1672 4185 B·
1696 4114 1742 4190 V·
1795 4109 1955 4211 G30'6'i0
1973 4113 2004 4212 7)
2029 4118 2170 4209 mimir
2204 4134 2245 4191 ¹¹¹
2267 4147 2326 4193 η·

177 4238 179 4243 ’
289 4249 356 4320 tibi
382 4247 572 4327 concedat,
603 4260 645 4317 ut
665 4245 843 4317 Ecclesiae
876 4251 915 4318 in
938 4254 1026 4322 urbe
1049 4275 1110 4322 sua
1139 4254 1281 4324 servias.
1332 4206 2326 4338 810111193111101117111711·3111111111]ΟΡῙΟῩῘΜὴώἨΟῘ·

289 4348 400 4432 Nam,
433 4348 530 4439 quod
561 4345 599 4414 iu
632 4342 688 4414 his
717 4348 848 4434 literis,
877 4376 964 4444 quas
986 4357 1032 4422 ad
1054 4350 1280 4424 Moibanum
1332 4343 1483 4392 mamm·
1523 4318 1606 4396 Dat·
1620 4320 1876 4393 sermnem·
1896 4318 2074 4406 ¹³¹¹¹¹³l¹¹2
2099 4346 2193 4391 ³⁰⁰⁰
2213 4321 2358 4401 1542·

289 4448 476 4540 scripsisti,
500 4447 658 4535 geminas
680 4452 902 4521 conditiones
922 4454 1041 4540 affers,
1065 4470 1106 4527 ut
1125 4458 1282 4526 scribant
1335 4473 1540 4486 ········

246 4628 250 4637 ¹
289 4547 557 4621 adElectorem
579 4551 678 4620 etad
701 4551 871 4622 Senatum
889 4552 1202 4645 Noribcrgensem‚
1228 4559 1282 4625 vi.
1370 4539 2327 4661 ltErsttttotemppre10.Auaitaberlectorinacsd.vvtuet.,

289 4654 395 4722 detur
417 4647 635 4723 indecorum.
686 4652 725 4724 Si
749 4655 862 4744 placet
880 4653 1138 4740 Wratislavia,
1163 4672 1282 4728 noste
1401 4608 2327 4748 iiidiidsimtu!“aegidlideitiiiiiidodmidiriaiebicipmm‘·

288 4752 391 4824 facile
407 4748 553 4822 Senatui
566 4749 817 4843 Npribergensi
834 4756 1097 4840 excusabimus,
1119 4762 1280 4828 nondum
1366 4762 1394 4829 Ξ)
1416 4761 1484 4841 691·
1498 4759 1579 4841 G,⁰¹¹¹·
1596 4760 1655 4815 191.
1673 4763 1784 4843 Μ’·
1812 4762 1918 4846 ,58110
1940 4764 2015 4846 ⁰5¹¹st
2030 4764 2063 4817 δ’
2084 4776 2171 4848 moire
2185 4766 2226 4824 ¹⁰·
2239 4768 2324 4838 aaa,

288 4853 385 4927 enim
410 4852 482 4921 11118
504 4853 692 4947 quicquam
716 4855 921 4943 promisisti.
985 4852 1034 4926 Ei
1055 4854 1099 4933 V
1094 4857 1147 4929 1⁰10
1169 4885 1283 4952 nuper
1401 4828 1617 4952 {gtupul'ilraerat
1636 4832 1898 4919 coururtlurrfabrr.
1953 4835 1990 4886 ad.
2007 4836 2095 4903 etl-ad
2112 4835 2278 4891 Krudlerum
2297 4840 2326 4894 d.

289 4956 340 5026 ita
352 4954 488 5047 scripsi,
514 4957 557 5024 de
571 4969 632 5026 tuo
648 4955 790 5044 negotio
807 4981 873 5025 nos
886 4958 1079 5051 scripturos
1091 4985 1176 5045 esse,
1200 4987 1280 5031 cum

288 5049 361 5129 una
374 5058 522 5138 erimus,
547 5077 610 5143 ego
627 5069 661 5124 et
674 5069 725 5128 tu.
779 5053 922 5129 Adhibe
938 5061 976 5129 in
993 5064 1180 5133 consilium
1196 5059 1283 5131 Mi.

288 5150 456 5230 licitum.
475 5216 478 5221 .
507 5154 598 5225 Nam
613 5178 675 5244 ego
690 5156 730 5225 in
745 5152 810 5228 hac
827 5163 1000 5234 sententia
1018 5188 1095 5236 sum
1106 5219 1117 5250 ,
1128 5246 1131 5256 Ι
1142 5179 1176 5235 te
1189 5178 1282 5236 recte

287 5263 477 5340 iacturum,
494 5254 524 5322 si
538 5253 595 5322 cui
608 5253 786 5328 Ecclesiae
800 5287 944 5352 operam
960 5266 1154 5357 promittes.
1179 5265 1283 5337 Nunc

288 5359 452 5441 statuito,
478 5377 584 5446 quam
603 5358 785 5431 anteferas.
837 5362 1008 5437 Fortassis
1024 5368 1159 5438 faruilia
1175 5368 1214 5438 in
1228 5363 1283 5438 bis
1303 5454 1306 5459 Ι

1365 4980 1394 5047 8)
1409 4984 1501 5045 patris
1514 4981 1698 5055 praetermisit
1711 4984 1773 5040 cod.
1786 4986 1871 5042 Goth.
1887 4987 1945 5041 191.

1366 5067 1396 5129 4)
1416 5070 1551 5135 quietem]
1564 5069 1627 5124 cod.
1642 5070 1727 5124 Goth.
1744 5070 1799 5127 191.
1811 5075 1957 5138 pietatem.

1368 5151 1395 5218 5)
1407 5152 1516 5220 saliam]
1531 5153 1592 5209 cod.
1609 5154 1695 5210 Goth.
1714 5155 1771 5211 191.
1782 5158 1888 5226 filr'um.

1368 5237 1396 5304 6)
1417 5239 1489 5299 eius]
1505 5237 1569 5292 cod.
1583 5228 1667 5294 Goth.
1680 5239 1741 5293 191.
1754 5242 1849 5305 cheiras.

1368 5323 1397 5393 7)
1416 5323 1537 5394 Georgio
1559 5322 1670 5378 Maiori.
1695 5323 1758 5378 vta.
1778 5343 1821 5396 ep.
1840 5327 1873 5380 ad
1894 5327 2011 5382 eunden
2030 5326 2055 5383 d.
2073 5327 2102 5383 d.
2117 5329 2162 5385 21.
2177 5329 2234 5388 lan.
2248 5341 2276 5387 et
2294 5330 2330 5388 ad

1402 5392 1564 5446 Kindleruut
1577 5391 1605 5444 d.
1617 5394 1643 5449 d.
1656 5393 1699 5447 26.
1716 5392 1771 5447 lan.
