4748 6022
10 187 89 201 ῤ-ιδ
115 191 128 197 ¹·

139 194 244 207 —----„
253 204 286 213 ,--

161 303 236 378 171
749 281 1186 379 EPISTOLARUM
1235 286 1344 368 LIB.
1373 287 1421 368 Χ.
1473 283 1607 366 1617.
2122 284 2204 361 070

157 487 253 549 stam
275 484 393 543 nostra
416 477 574 560 peccata3
607 463 668 532 sed
685 458 782 532 Deus
796 485 860 553 pro
876 459 981 530 nobis
996 459 1153 548 increpat
1204 476 1238 533 et
1264 463 1380 532 salvus
1407 461 1478 536 liat.
1538 459 1639 550 Quae
1659 459 1766 530 verba
1787 459 1851 530 nbi
1875 457 2015 529 rescivit
2036 457 2209 552 princeps

159 578 326 649 Satanam
347 580 566 640 accusantem
590 587 673 633 nos:
713 575 755 633 tu
775 563 855 655 quis
875 587 910 631 es
933 560 995 656 qui
1019 559 1152 629 iudices
1185 556 1414 633 Modrusca
1429 557 1490 658 ¹²),
1520 563 1582 656 qui
1603 562 1688 632 satis
1707 562 1864 631 modeste
1878 574 1913 629 et
1926 561 2116 628 clementer
2132 562 2207 651 agit

159 678 314 748 alienum
329 669 494 741 servum?
543 664 698 751 Domino
715 687 779 734 suo
792 677 861 736 stat
873 674 934 733 atat
949 660 1064 744 cadit,
1090 683 1154 750 p0-
1205 667 1244 734 in
1266 679 1387 735 nostra
1409 665 1559 735 civitate.
1615 662 1769 735 Nomine
1793 658 1980 731 Caesareae
2005 659 2208 733 Maiestatis

159 792 237 850 tens
257 787 373 844 autem
393 768 490 840 Deus
504 764 534 864 ⁸)
556 781 608 836 est
628 779 779 836 statuere
804 789 898 835 eum.
957 761 1049 850 Quis
1071 782 1153 848 ergo
1206 767 1419 859 querebatur
1440 764 1523 834 talia
1545 764 1584 831 in
1606 764 1731 853 vulgus
1752 762 1869 854 spargi
1888 764 1927 828 in
1950 764 2206 834 contumeliam

160 876 339 949 accusabit
365 873 494 942 electos
526 867 619 940 Dei?
644 864 752 954 ¹Deus
784 879 853 946 est,
886 862 950 957 qui
981 860 1155 932 iustificat.
1206 866 1376 942 Caesaris.
1426 862 1517 950 Cur,
1541 864 1676 956 inquit,
1698 887 1763 933 vos
1783 886 1857 932 non
1872 862 1988 931 sinitis
2003 886 2069 932 nos
2085 866 2206 957 quiete

161 976 253 1067 Quis
267 989 319 1046 est
331 974 394 1068 qui
407 967 640 1042 condemnet?
652 961 684 1062 ⁶)
716 963 812 1035 lesus
827 960 990 1038 Christus
1003 974 1070 1047 est,
1094 959 1157 1054 qni
1207 991 1308 1058 agere
1326 969 1364 1036 in
1386 979 1505 1036 nostra
1519 965 1709 1052 religione,
1740 989 1851 1055 quum
1868 963 1969 1032 vobis
1986 988 2109 1054 pacem
2123 991 2207 1058 per-

161 1091 326 1148 mortuus
347 1087 397 1144 est
415 1097 480 1164 pro
501 1069 651 1163 peccatis
674 1067 822 1152 nostris,
856 1080 961 1158 atque
983 1065 1073 1133 adeo
1094 1060 1158 1152 qui
1207 1068 1433 1140 mittimusin
1448 1079 1563 1137 vestra
1574 1065 1771 1154 religione?
1820 1061 1901 1132 Non
1916 1066 2140 1154 permittam,
2165 1082 2207 1139 ut

162 1178 386 1248 resuscitatos
410 1187 462 1244 est
482 1186 515 1242 et
531 1171 627 1239 sedet
642 1169 687 1239 ad
703 1169 861 1240 dextram
874 1166 941 1237 Dei
958 1176 993 1234 et
1007 1156 1158 1234 interce·
1209 1171 1395 1264 quisquam
1418 1168 1457 1237 in
1481 1190 1545 1237 vos
1566 1167 1623 1236 vel
1646 1167 1794 1236 verbum
1808 1160 1848 1259 ¹⁸)
1874 1167 2129 1239 contumeliose
2152 1171 2207 1242 ἱ).

163 1279 219 1351 dit
232 1303 297 1371 pro
312 1276 429 1349 nobis.
1210 1285 1293 1357 ctet3
1319 1272 1368 1340 ita
1384 1271 1479 1340 enim
1493 1263 1584 1337 mibi
1598 1264 1766 1337 Caesarea
1779 1264 1947 1336 Maiestas
1961 1271 2156 1345 mandavit.

267 1377 325 1448 Ad
342 1372 406 1446 hos
420 1376 537 1468 itaque
550 1372 706 1442 occull⁰⁸
720 1367 882 1458 890ῑῖ1118,
903 1388 993 1457 (11103
1006 1364 1158 1453 diligen·
1309 1368 1429 1457 Certe,
1451 1369 1588 1440 domini
1611 1368 1681 1437 mei
1705 1381 1739 1436 et
1759 1369 1883 1436 iratres
1900 1363 2113 1457 charissimi,
2137 1375 2207 1445 sub

164 1480 219 1556 ter
232 1505 297 1572 pro
315 1478 484 1548 concione
499 1471 528 1570 ⁷)
544 1471 797 1552 committimus
812 1466 957 1558 populo,
981 1464 1160 1557 pertinent
1210 1469 1438 1561 Magistratu‚
1470 1472 1528 1540 cui
1550 1492 1615 1538 nos
1630 1469 1730 1538 Deus
1750 1468 1915 1552 subiecit,
1942 1492 2015 1537 non
2033 1472 2206 1544 debemus

164 1605 287 1656 ornnes
310 1591 452 1648 nostrae
472 1589 504 1647 et
520 1572 697 1643 Ecclesiae
711 1566 846 1641 Christi
862 1567 1101 1650 necessitates,
1127 1578 1160 1649 et
1210 1572 1308 1643 aliud
1331 1596 1432 1643 orare
1456 1572 1494 1639 in
1516 1569 1658 1661 publico
1680 1592 1745 1660 pro
1760 1566 1972 1657 Magistratu
1993 1584 2129 1658 nostro,
2154 1599 2203 1645 ne

164 1684 261 1777 apud
281 1679 482 1771 semetipsos
504 1677 542 1744 in
564 1673 727 1744 domibus
746 1669 818 1740 suis
841 1682 875 1740 et
895 1667 1067 1738 cubiculis
1090 1666 1162 1737 suis
1212 1675 1290 1767 quis
1313 1673 1382 1743 sibi
1402 1673 1486 1741 inde
1508 1671 1614 1740 faciat
1637 1669 1888 1754 conscientias,
1921 1671 2022 1762 quasi
2044 1672 2123 1763 plus
2139 1677 2204 1755 de-

165 1779 314 1957 &Matth
330 1777 385 1875 6.)
401 1802 480 1849 cum
495 1776 577 1845 liliis
594 1787 628 1853 et
641 1772 773 1842 lamilia
790 1783 894 1839 orent
908 1783 1030 1838 contra
1045 1763 1161 1837 hostes
1211 1776 1303 1853 beat,
1322 1797 1428 1866 quam
1447 1795 1535 1864 quae
1549 1769 1681 1841 Paulus
1694 1765 1884 1839 Timotheo
1902 1771 2036 1857 scribit,
2050 1788 2090 1845 ut
2105 1778 2207 1869 quie-

79 1929 82 1935 ·
201 1884 343 1954 eclesiae
363 1876 498 1950 Christi
516 1901 581 1967 pro
603 1896 687 1966 pace
710 1887 745 1943 et
765 1871 877 1940 salute
894 1865 1091 1953 Ecclesiae,
1123 1880 1163 1936 ut
1212 1889 1285 1944 tam
1301 1887 1335 1942 et
1347 1873 1576 1964 tranquillam
1590 1871 1699 1940 vitam
1712 1872 1778 1939 sub
1793 1871 1842 1938 eis
1856 1893 1997 1958 agamus
2013 1898 2093 1942 cum
2108 1880 2208 1948 omni

165 1981 337 2057 Christus
351 1994 464 2051 servet
486 2001 552 2047 nos
571 1977 612 2045 in
636 1975 745 2044 verbo
770 1995 834 2042 suo
857 1972 900 2040 ad
924 1969 1073 2060 gloriam
1096 1966 1162 2037 Dei
1213 1976 1340 2066 pietate
1363 1989 1553 2059 ethmorum
1571 1965 1772 2056 honestate3
1804 1985 1838 2041 et
1854 1968 2050 2041 Hieremias
2070 1973 2208 2051 ludaeis

165 2086 277 2180 patris
299 2097 334 2153 et
354 2082 548 2151 multorum
574 2077 732 2147 salutem.
782 2071 872 2142 lstae
891 2093 1011 2161 preces
1033 2070 1164 2138 debent
1213 2077 1252 2144 in
1267 2073 1450 2168 Babylone
1463 2072 1625 2162 captivis:
1650 2085 1747 2141 orate
1765 2095 1827 2162 pro
1844 2096 1928 2163 pace
1943 2075 2035 2162 regis
2044 2073 2099 2166 ¹‘),
2125 2103 2207 2150 mm

166 2191 277 2258 fortes
293 2208 365 2254 esse
388 2184 426 2250 in
449 2180 608 2263 occulto,
638 2191 679 2246 ut
697 2175 790 2245 dicat
804 2172 909 2242 nobis
926 2169 1023 2241 Deus
1039 2194 1163 2262 quem·
1214 2177 1254 2245 in
1276 2199 1361 2266 pace
1387 2173 1544 2244 eluserit
1557 2196 1624 2262 pax
1635 2173 1735 2242 vobis
1750 2186 1814 2242 etc.
1862 2171 2016 2265 Reliqua
2031 2179 2212 2267 pertinent

167 2287 360 2362 admodum
375 2280 488 2352 Mosi:
523 2279 609 2375 quid
633 2277 761 2347 clamas
784 2275 830 2344 ad
844 2273 925 2341 mel
975 2269 1115 2343 Debent
1130 2282 1164 2339 et
1214 2277 1257 2347 ad
1278 2276 1433 2346 occultos
1456 2273 1623 2364 gemitus,
1648 2288 1689 2344 ut
1709 2272 1795 2346 dixi.
1845 2269 2031 2344 Caeterum
2053 2283 2150 2372 quod
2165 2285 2209 2353 ad

167 2391 208 2458 1¹¹
228 2387 371 2479 Publico
387 2379 417 2476 ⁸)
440 2368 923 2469 ⁸¹⁰1⁰⁰11P10201103⁰¹¹²⁹h
954 2372 1015 2441 ⁸0d
1030 2371 1107 2441 Sine
1121 2365 1164 2464 ¹⁰)
1213 2376 1510 2470 praedicationem
1540 2374 1665 2444 attinet
1691 2387 1726 2444 et
1749 2375 1792 2443 ad
1818 2398 1952 2444 errores
1967 2372 2004 2466 ¹⁸)
2027 2383 2211 2471 taxandos,

168 2487 304 2565 uerbis,
341 2507 430 2576 quae
458 2492 576 2571 posset
604 2478 827 2566 magistratus
854 2487 990 2556 noster,
1021 2471 1080 2542 cui
1098 2493 1164 2539 nos
1215 2474 1308 2547 nihil
1330 2476 1537 2548 omittimus.
1587 2471 1665 2564 Ego
1688 2495 1708 2543 a
1733 2475 1793 2542 die
1807 2473 2028 2546 Pentecostes
2049 2481 2211 2575 quinque

167 2586 266 2663 Deus
280 2583 446 2665 subiecit,
471 2580 628 2669 accipere
640 2575 740 2670 quasi
759 2575 797 2642 in
813 2573 1061 2643 contumeliam
1078 2595 1165 2641 con·
1216 2579 1291 2648 dies
1306 2579 1494 2649 tomiano,
1509 2575 1726 2666 praedicavi,
1758 2578 1977 2646 currentibus
1993 2579 2209 2668 quibusdam

169 2686 225 2762 tra
238 2711 275 2758 se
289 2688 393 2769 dicta,
418 2680 556 2752 etiamsi
570 2679 641 2749 sint
659 2677 795 2768 optimo
811 2687 845 2745 et
857 2673 1030 2744 benevolo
1046 2672 1165 2741 animo
1215 2677 1384 2771 Hispanis
1408 2675 1534 2748 et'aliis
1549 2700 1613 2766 per
1626 2676 1814 2766 templum,
1846 2673 2070 2747 et‘deelaravi
2087 2677 2126 2773 ιθ)
2148 2684 2210 2752 di.

170 2795 275 2863 dicta.
325 2787 465 2875 Longas
487 2795 603 2852 autem
624 2801 745 2871 preces
762 2777 845 2874 ¹illas
866 2788 1003 2844 nostras
1020 2773 1166 2864 priores,
1215 2795 1308 2851 sene
1332 2780 1520 2849 discrimen
1541 2777 1623 2846 fidei
1641 2775 1864 2867 Papistarum
1883 2791 1917 2847 et
1940 2777 2020 2851 fidei
2043 2774 2213 2854 christia-

170 2907 213 2964 ut
236 2888 351 2961 dicere
373 2885 491 2976 coepi,
515 2905 611 2952 nunc
632 2879 771 2969 publice
795 2901 870 2946 non
889 2874 1059 2959 dicimus,
1083 2874 1166 2967 quia
1217 2905 1302 2964 nae,
1328 2880 1456 2972 quibus
1472 2878 1591 2947 verbis
1610 2878 1709 2947 volui
1731 2877 1851 2947 testari
1866 2879 1960 2970 apud
1978 2880 2110 2951 milites
2123 2883 2214 2956 Cas.

170 2992 337 3065 Caesarea
354 2986 521 3057 Maiestas
543 2983 733 3053 clementer
755 2978 859 3048 nobis
883 2974 1014 3047 obtulit
1033 2999 1167 3066 pacem,
1218 3002 1399 3063 arcanos,
1432 2980 1494 3071 qui
1521 3002 1579 3047 me
1608 2978 1819 3062 audiebant,
1851 2981 1896 3048 de
1919 2981 2080 3066 doctrina
2105 2980 2214 3057 huius

173 3108 208 3164 et
222 3092 381 3163 externas
398 3088 569 3164 nationes,
594 3105 681 3175 quas
697 3080 951 3163 metuebamus,
973 3071 1169 3167 prohibuit,
1218 3095 1359 3152 nostrae
1380 3077 1574 3164 Ecclesiae,
1608 3102 1697 3172 quos
1724 3092 1758 3149 et
1782 3081 1952 3150 admonui
1973 3083 2135 3172 publice,
2169 3113 2215 3159 ne

172 3219 220 3265 ne
240 3193 508 3281 ingrederentur
524 3187 562 3255 in
580 3196 738 3253 nostram
754 3181 948 3259 civitatem,
974 3178 1046 3246 imo
1062 3176 1168 3246 etiam
1219 3185 1305 3276 quid
1329 3182 1427 3252 aliud
1448 3183 1492 3251 de
1513 3194 1633 3249 nostra
1654 3180 1814 3250 doctrina
1837 3182 2009 3251 sentirent
2035 3200 2096 3257 aut
2118 3189 2215 3258 dice·
2236 3172 2239 3176 ⁴

172 3293 356 3364 mandavit
375 3290 498 3372 nobis,
522 3301 563 3358 ut
581 3286 619 3353 vi
632 3305 831 3353 arceremus
847 3305 867 3351 a
884 3278 988 3348 nobis
1002 3277 1033 3346 si
1049 3280 1111 3371 qui
1128 3300 1168 3346 ex
1219 3297 1316 3369 rent,
1341 3306 1447 3376 quam
1469 3304 1558 3375 quae
1580 3305 1621 3349 ex
1641 3305 1698 3350 me
1716 3281 1891 3351 audirent
1942 3281 2046 3354 Unus
2068 3310 2110 3354 ex
2125 3285 2214 3359 Cae.

176 3396 244 3476 ⁰i⁸2
277 3415 351 3459 ¹¹⁰ss
374 3390 473 3457 mi⁵⁵i
495 3389 539 3456 ab
559 3388 633 3456 ‘511⁵
655 3384 859 3467 Maiestate,
889 3380 1103 3451 tentaverint
1124 3381 1169 3447 ad
1220 3385 1374 3456 sareanis
1395 3406 1475 3453 cum
1494 3383 1704 3471 disputasset
1718 3406 1855 3451 mecum
1873 3395 1907 3452 et
1921 3387 2158 3460 contendisset
2171 3392 2217 3460 de

175 3517 241 3565 ¹¹⁰⁵
257 3490 406 3579 ingredi·
558 3478 565 3494 θ
1221 3486 1384 3556 doctrina
1406 3497 1441 3552 et
1460 3482 1611 3551 maxime
1630 3484 1672 3551 de
1691 3483 1874 3571 coniugio,
1899 3485 2097 3557 mirabatur
2111 3514 2217 3582 quae.

275 3589 420 3662 Gratias
434 3589 568 3677 agimus
582 3584 770 3656 Caesareae
784 3581 982 3664 Maiestati,
1005 3579 1170 3671 inprimis
1221 3590 1323 3669 dam,
1355 3608 1445 3678 quae
1473 3584 1751 3673 respondebam,
1783 3596 1817 3651 et
1844 3586 2039 3655 modestior
2050 3585 2091 3681 ¹⁷)
2114 3605 2217 3684 atque

175 3723 260 3768 vero
274 3690 370 3777 Deo,
402 3692 464 3782 qui
487 3689 638 3758 servavit
659 3680 752 3753 hanc
774 3682 969 3761 civitatem,
996 3695 1030 3751 et
1051 3704 1169 3772 spera·
1222 3689 1328 3769 adeo,
1350 3699 1391 3755 ut
1409 3685 1615 3767 videbatur,
1639 3685 1749 3772 magis
1766 3684 1898 3753 amicus
1912 3686 2023 3756 sactu,
2040 3704 2112 3774 es„
2137 3715 2217 3763 mm

176 3823 257 3870 mus
272 3793 329 3888 ¹¹),
368 3792 464 3884 quod
488 3804 522 3859 et
544 3813 650 3880 porro
675 3797 875 3853 servaturus
898 3782 944 3852 sit
968 3795 1002 3850 et
1024 3783 1170 3851 daturus
1222 3788 1400 3857 recederet
1419 3808 1438 3853 a
1459 3809 1517 3852 me
1541 3807 1620 3852 cum
1642 3785 1721 3852 aliis
1740 3784 1957 3860 bonisviris.
2006 3788 2087 3860 Hoc
2103 3793 2218 3863 solum

176 3901 283 3971 etiam
296 3895 383 3976 alia,
409 3916 499 3984 quae
512 3886 680 3960 hactenus
693 3882 910 3980 rogavimus,
935 3884 993 3950 sed
1009 3883 1171 3951 nondum
1222 3911 1279 3957 me
1308 3886 1538 3969 admonebat,
1578 3884 1677 3977 quasi
1708 3875 1829 3954 amice
1848 3888 2054 3973 consulens,
2088 3906 2128 3963 ut
2154 3919 2217 3965 cu-

178 3994 454 4091 impetravimus.
519 3987 690 4081 Oportuit
709 3986 803 4056 enim
827 3996 861 4053 et
882 3982 1075 4074 principem
1103 4006 1172 4049 no·
1215 4011 1298 4056 -rem
1314 3981 1374 4080 ¹⁸),
1402 4009 1473 4078 quo
1492 3986 1603 4053 nostri
1620 3981 1678 4054 hic
1701 3979 1916 4056 abstinerent
1930 3982 1971 4076 ¹⁹)
1996 3990 2037 4058 in
2057 3992 2218 4066 doctrina

178 4121 293 4173 strum
312 4111 347 4166 et
371 4120 436 4164 uos
460 4091 619 4179 castigari
641 4102 785 4179 paterna
800 4085 910 4173 virga.
959 4081 1052 4152 lacta
1068 4105 1173 4174 super
1223 4086 1523 4158 acontumelioess
1541 4086 1878 4177 verbisacpicmrfs·
1917 4085 2124 4162 Caesaream
2137 4095 2221 4167 Ma·

179 4202 364 4275 dominum
388 4219 506 4266 curam
527 4205 624 4261 tuam
647 4203 712 4261 etc.
761 4187 860 4256 Deus
884 4185 989 4255 iudex
1006 4198 1075 4271 est3
1107 4207 1174 4252 nos
1224 4191 1381 4259 iestatem
1403 4188 1498 4258 bene
1516 4211 1638 4266 nosse,
1671 4210 1760 4278 quae
1776 4181 1820 4280 ²⁰)
1841 4185 1937 4277 Papa
1958 4193 2079 4263 omnia
2094 4189 2220 4268 babeat

180 4302 413 4398 peccavimus.
467 4293 550 4364 Non
570 4293 681 4361 intres
702 4312 781 4358 cum
806 4310 906 4356 servo
930 4298 993 4357 tuo
1018 4287 1057 4354 in
1078 4284 1173 4356 iudi·
1224 4290 1363 4360 venalia
1384 4303 1447 4361 etc,
1497 4286 1696 4377 Respondi:
1713 4297 1825 4378 ‘quod
1849 4289 1890 4357 ad
1908 4315 1965 4360 me
1980 4293 2125 4382 affluet,
2152 4300 2221 4367 iam

181 4406 295 4480 cium,
331 4399 413 4493 quia
446 4420 521 4466 non
553 4389 799 4464 iustificabitur
830 4387 869 4456 in
896 4400 1086 4479 conspectu
1111 4399 1173 4456 tuo
1225 4393 1361 4463 dudum
1383 4386 1450 4458 boc
1470 4387 1569 4456 volui
1592 4399 1627 4457 et
1650 4388 1798 4473 curab03
1831 4392 1940 4460 modo
1962 4416 2008 4461 ne
2026 4397 2166 4486 rapiant
2183 4400 2221 4467 in

181 4525 298 4577 omnis
320 4521 455 4569 vrvens.

281 4599 438 4688 Quidam
452 4594 678 4667 concionator
692 4592 731 4660 in
748 4615 826 4662 arce
841 4602 961 4660 nostra
977 4587 1078 4658 iussit
1094 4612 1175 4656 ora-

182 4732 220 4777 re
241 4727 306 4796 pro
320 4697 485 4779 Caesare,
506 4708 547 4764 ut
570 4695 791 4765 illuminatus
814 4703 976 4782 agnoscat
992 4688 1175 4782 veritatem
1262 4679 1307 4775 ι’)
1326 4673 1394 4729 ⁰⁰⁶·
1407 4672 1491 4743 tang.
1504 4670 1745 4773 liodrusmoa.
1763 4674 1859 4777 bleba.
1879 4677 2044 4736 Hamusta.
2079 4683 2222 4743 statam

1295 4780 1324 4815 ru
1341 4758 1580 4812 commentitium
1595 4770 1720 4812 nominat
1735 4761 1882 4815 Mortuum
1894 4762 2083 4824 Madrust'um.

189 4836 388 4874 *θ’
1262 4842 1308 4910 ld)
1327 4842 1453 4909 verdum]
1474 4841 1535 4896 cod.
1547 4840 1631 4895 Gotb.
1645 4843 1702 4897 190.
1713 4861 1812 4896 unum.

216 4941 244 5009 5)
264 4940 354 5002 Deus]
373 4929 437 4986 cod.
451 4923 547 4982 Mcbn.
561 4929 704 4982 dommus.
1263 4925 1314 4995 11)
1332 4923 1400 4980 Cod.
1413 4925 1499 4995 Lang.
1513 4926 1599 4982 urbis.

216 5025 235 5078 6
240 5056 248 5091 p
268 5022 336 5077 Cod.
356 5011 672 5070 nunnamenster.
1265 5011 1309 5078 15)
1328 5008 1451 5076 errores]
1470 5007 1531 5062 eod.
1550 5007 1633 5061 Goth.
1647 5007 1710 5061 190.
1726 5025 1829 5062 mores.

217 5113 245 5178 7)
262 5126 316 5175 pro
329 5103 469 5164 concione]
487 5096 548 5151 cod.
564 5095 659 5150 Melan.
670 5106 698 5149 et
705 5099 754 5164 pia
766 5099 901 5153 concione.
1265 5092 1311 5159 16)
1331 5092 1373 5145 eis
1384 5090 1458 5144 addit
1467 5089 1531 5144 cod.
1543 5089 1639 5147 Mebn.

217 5201 249 5263 8)
265 5191 384 5258 publico]
404 5186 465 5241 cod.
479 5183 573 5236 Mebo.
586 5185 701 5247 populo.
1238 5218 1242 5224 ,
1268 5174 1311 5242 tt)
1325 5175 1493 5236 modestior]
1510 5170 1573 5224 cod.
1589 5170 1682 5226 Mebn.
1698 5175 1881 5228 moderatior.

217 5281 245 5348 9)
262 5295 316 5344 pro
331 5273 458 5326 concione
472 5284 528 5320 non
543 5264 624 5316 babet
637 5263 698 5319 cod.
712 5264 796 5323 Goth.
810 5266 869 5319 190.
1120 5282 1123 5295 t
1268 5260 1316 5330 18)
1335 5258 1405 5311 Cod.
1417 5255 1511 5308 Mebn.
1528 5273 1667 5310 aurarem.

219 5367 262 5427 10)
282 5358 352 5412 Cod.
366 5355 448 5420 hang.
459 5349 540 5404 -eddit
555 5350 674 5414 πρηὺ.
1272 5343 1315 5405 19)
1334 5339 1406 5393 eod.
1418 5337 1510 5390 Mebn·
1523 5340 1691 5391 assemsum.

213 5453 256 5514 ιι)
276 5439 344 5497 Cod.
362 5435 446 5493 Geta
452 5471 461 5490 .
477 5433 536 5488 190.
549 5446 709 5498 praemut-
952 5422 955 5427 ’
1241 5440 1243 5446 “
1271 5429 1319 5497 20)
1340 5423 1408 5480 Cod.
1422 5421 1617 5490 laetamen
1633 5421 1864 5482 somersetim.

1238 4574 1462 4595 w-
