4748 6022
173 304 247 380 761
747 295 1185 388 EPISTOLARUM
1241 295 1351 370 ΗΒ.
1383 295 1432 376 Χ.
1485 293 1633 378 tata>
2144 307 2221 378 tna

174 475 243 560 cis,
269 496 377 567 quare
393 471 543 544 studiosi
558 473 795 543 adolescentes
810 473 1007 542 necessario
1024 471 1171 557 avobis,
1221 481 1401 561 optamus,
1435 491 1562 560 puram
1581 464 1768 560 Evangelii
1792 468 1991 547 doctrinam
2013 487 2047 545 et
2069 478 2217 547 salntem

174 576 236 670 qui
257 577 302 643 ad
319 573 559 665 gubernacula
577 573 790 665 reipublicae
807 574 954 658 sedetis,
979 597 1081 665 opem
1101 573 1170 642 im·
1218 567 1387 640 Ecclesiis
1402 572 1503 662 quasi
1518 571 1737 662 postliminio
1754 574 2007 666 omnipotentis
2022 573 2089 645 Dei
2105 578 2217 667 gratia

172 678 329 768 plorant.
381 674 450 744 Hic
467 676 670 745 adolescens
683 666 876 743 Melchior
890 667 1089 744 Portunus
1105 698 1170 743 na·
1220 674 1426 741 redeuntem
1459 666 1629 742 Ecclesiis
1659 673 1794 765 ubique
1825 676 2046 758 conservari,
2086 679 2216 748 merito

172 790 231 847 tus
254 790 306 847 est
328 775 367 843 in
391 776 528 846 ditione
550 774 723 866 principis
743 772 1113 865 Branuenburgensts,
1136 789 1169 844 et
1218 772 1359 862 piorum
1375 767 1562 842 bominum
1577 772 1803 844 miseratione
1819 775 2003 845 allicimur.
2034 773 2215 848 Deberent

172 872 265 946 mibi
289 876 432 970 quidem
457 876 597 946 videtur
619 876 762 965 ingenio
790 899 864 945 esse
884 879 1045 948 modesto
1067 891 1102 946 ct
1124 878 1168 945 ad
1219 873 1313 941 enim
1344 873 1413 964 piis
1441 873 1605 966 lacrymis
1628 886 1745 944 tantae
1768 898 1957 944 aerumnae
1983 891 2018 948 et
2039 877 2216 972 lacrymae

173 978 294 1048 literas
310 977 393 1047 satis
410 989 503 1067 apto.
561 974 701 1045 Placuit
715 970 807 1045 mihi
821 989 855 1048 et
871 968 981 1067 gemis
997 978 1169 1049 orationis
1218 997 1359 1058 eorum,
1393 973 1457 1067 qui
1490 976 1537 1044 ob
1570 975 1753 1045 veritatem
1788 971 1977 1065 Evangelii
2010 993 2215 1065 gravantur,

164 1092 208 1149 >et
224 1076 472 1171 pronunciatio
488 1074 609 1167 ipsius.
646 1073 764 1148 Habet
779 1090 895 1147 autem
911 1079 967 1149 ius
980 1079 1167 1148 sacerdotii
1217 1074 1491 1167 quammaxime
1509 1075 1607 1144 cordi
1630 1096 1714 1145 esse.
1764 1072 1855 1145 Cum
1878 1077 1997 1168 itaque
2017 1080 2214 1162 audivisse-

172 1179 356 1249 cuiusdam
376 1176 416 1244 in
432 1173 562 1248 Ulsnat
587 1177 648 1245 sed
671 1176 794 1247 rustici
814 1174 944 1249 horum
968 1195 1167 1271 temporum
1216 1197 1313 1255 mus,
1347 1178 1513 1244 mandato
1535 1174 1692 1248 Romani
1715 1174 1900 1247 Pontificis
1919 1179 2113 1247 nonnullos
2133 1180 2214 1270 pios

170 1278 314 1350 barbari
327 1299 403 1347 uon
418 1276 562 1349 solvunt
576 1278 732 1364 reditus,
758 1292 794 1349 et
808 1279 943 1351 reditus
958 1281 1108 1352 maxima
1124 1304 1166 1349 er
1216 1276 1323 1358 viros,
1347 1276 1551 1366 praesertim
1568 1285 1653 1346 v'ero
1669 1278 1859 1369 quendam,
1879 1278 2026 1347 nomine
2039 1274 2213 1349 Balciam

169 1392 269 1472 parte
284 1378 499 1449 debentura
521 1378 675 1448 subditis
691 1374 925 1456 Marchionis.
974 1372 1095 1451 Habes
1110 1396 1167 1451 to-
1216 1368 1433 1472 Lapedam,
1459 1372 1639 1446 hominem
1658 1377 1830 1466 singulari
1850 1378 1979 1469 pietate
1996 1392 2029 1450 et
2049 1380 2213 1450 doctrina

168 1492 241 1552 tam
263 1473 524 1552 hanccausam.
574 1477 728 1549 Nuncte
744 1504 888 1572 oro-per
908 1477 1165 1554 humanitatem
1218 1479 1437 1569 praeditum,
1469 1478 1565 1569 apud
1580 1500 1643 1547 vos
1660 1502 1801 1572 quoque
1817 1479 1940 1570 capitis
1955 1483 2213 1570 propemodum

168 1595 286 1665 tuam,
319 1591 361 1651 ut
388 1573 653 1666 scholasticum,
686 1580 750 1674 qui
778 1583 909 1653 bonam
933 1586 977 1653 de
1005 1607 1041 1654 se
1068 1607 1163 1674 spem
1216 1578 1375 1670 periculo
1390 1580 1616 1663 accersitum,
1643 1579 1730 1649 etin
1748 1580 1891 1648 vincula
1912 1581 2109 1649 coniectum
2127 1605 2211 1668 esse,

168 1680 331 1774 praebet,
355 1677 520 1766 adiuves,
545 1703 585 1752 ac
602 1681 778 1773 perficias,
801 1696 843 1753 ut
857 1685 1043 1755 autoritate
1064 1685 1166 1775 prin·
1215 1702 1365 1770 eumque
1381 1675 1496 1748 adhuc
1510 1681 1678 1750 detineri:
1701 1681 1866 1750 duximus
1877 1681 1984 1750 ollieii
1997 1682 2111 1750 nostri
2126 1704 2212 1767 esse,

168 1780 256 1873 cipis
270 1793 443 1871 cogantur
455 1780 579 1852 rustici
593 1782 636 1851 ad
653 1782 841 1874 pensiones
857 1786 1056 1858 solvendas.
1082 1783 1164 1854 Non
1214 1804 1280 1871 pro
1295 1805 1335 1847 eo
1354 1795 1388 1851 et
1405 1804 1469 1871 pro
1489 1780 1569 1848 aliis
1585 1779 1654 1871 piis
1670 1774 1877 1851 bominibus
1900 1781 2011 1850 literis
2027 1795 2061 1851 et
2082 1785 2209 1873 depre-

168 1880 313 1961 dubito‚
341 1882 430 1975 quin
455 1905 521 1974 pro
553 1896 612 1954 tua
635 1884 830 1973 praestanti
855 1885 986 1956 virtute
1011 1886 1165 1955 libenter
1214 1880 1414 1951 cationibus
1429 1882 1558 1951 nostris
1576 1881 1805 1952 intercedere.
1855 1879 1990 1951 Damus
2007 1904 2089 1970 ergo
2111 1886 2208 1953 etad

166 1982 297 2056 tuearis
308 1977 555 2068 scholasticos,
582 1996 615 2054 et
633 1979 692 2051 hic
709 1985 848 2055 iuvenis
863 1988 1005 2055 nullum
1027 2012 1162 2057 novum
1213 1976 1418 2050 Amicitiam
1440 1998 1591 2051 vestram
1616 1994 1651 2051 et
1673 1982 1717 2049 ad
1745 2007 1807 2050 vos
1830 1976 1933 2050 hasce
1955 1972 2093 2064 literas,
2120 2007 2208 2077 ‘111³ss

166 2105 300 2153 munus
331 2083 432 2175 petit.
482 2082 684 2155 Antoritate
715 2106 771 2153 res
798 2086 917 2178 perfici
949 2101 1082 2179 potest,
1116 2111 1161 2155 ne
1212 2095 1333 2151 nostro
1351 2094 1385 2161 et
1405 2082 1557 2153 aliorum
1573 2083 1612 2149 in
1628 2105 1730 2151 causa
1747 2081 1927 2171 religionis
1941 2084 2208 2153 confoederato-

166 2183 291 2255 rustici
312 2183 368 2265 id,
393 2186 491 2277 quod
511 2185 624 2255 literis
643 2185 812 2272 debetur,
838 2187 968 2257 iniuste
991 2189 1163 2259 interver-
1211 2206 1292 2253 rum
1306 2181 1508 2273 principum
1526 2197 1561 2253 et
1575 2181 1743 2251 ordinum
1760 2181 1903 2272 lmperii
1926 2183 2074 2252 nomine
2089 2184 2208 2254 edidi·

167 2296 246 2356 tant
260 2300 295 2357 et
310 2285 494 2359 devorent.
545 2285 637 2358 Cum
654 2300 770 2355 autem
785 2288 987 2358 adolescens
1002 2313 1022 2358 a
1039 2303 1162 2358 natura
1208 2307 1308 2365 muS,
1333 2307 1372 2351 ac
1385 2306 1548 2372 rogamus
1566 2296 1600 2353 et
1620 2279 1852 2352 adhortamur
1865 2306 1945 2366 vos,
1970 2283 2018 2352 ita
2035 2297 2073 2353 ut
2087 2286 2207 2355 existi-

164 2385 217 2459 ita
232 2385 280 2455 sit
298 2385 491 2455 instructus
509 2397 543 2455 et
559 2387 682 2475 llagret
703 2410 822 2456 amore
844 2388 1045 2474 literarum,
1069 2391 1162 2457 bona
1211 2405 1385 2451 maremus
1402 2407 1465 2451 vos
1479 2385 1730 2472 gubernatores
1746 2383 2014 2452 florentissimae
2031 2384 2207 2474 reipubli-

166 2508 246 2576 spes
260 2499 323 2570 est,
341 2481 409 2554 hoc
426 2486 636 2556 beneficium
652 2487 690 2553 in
704 2486 821 2578 ipsum
835 2489 972 2560 utiliter
985 2489 1162 2561 collocari,
1210 2506 1269 2551 cae
1292 2483 1340 2552 ita
1360 2485 1564 2552 defensores
1587 2497 1623 2553 et
1641 2484 1833 2552 nutritores
1849 2481 2027 2552 Ecclesiae
2048 2508 2140 2569 esse,
2163 2499 2206 2557 ut

164 2583 269 2677 Rogo
284 2585 393 2675 igitur
408 2599 442 2656 te
456 2587 561 2656 etiarn
576 2598 681 2679 atque
696 2587 812 2672 etiam,
838 2612 883 2658 ne
897 2590 929 2658 ei
943 2589 1045 2662 desis,
1084 2588 1161 2679 Ego
1211 2584 1422 2653 intueamini
1444 2583 1523 2675 pios
1546 2598 1580 2654 et
1601 2585 1809 2653 innocentes
1832 2583 1948 2667 vicos,
1978 2586 2041 2675 qrri
2064 2609 2205 2656 monam

164 2710 309 2782 quoque
322 2700 401 2756 mea
416 2688 534 2757 studia
549 2687 618 2757 tibi
640 2691 869 2775 commendo,
894 2715 934 2760 ac
949 2714 1162 2783 magnopere
1210 2680 1393 2755 honestate
1410 2697 1445 2754 et
1467 2685 1560 2754 vitae
1574 2685 1808 2754 sanctimonia
1826 2684 2003 2755 excellunt
2026 2699 2060 2754 et
2075 2687 2206 2757 verita-

166 2800 269 2880 opto,
292 2788 485 2857 amicitiam
502 2803 661 2859 nostram
675 2803 879 2880 perpetuam
895 2814 978 2860 esse.
1015 2790 1163 2883 Semper
1212 2798 1283 2854 tem
1312 2781 1501 2872 Evangelii
1529 2788 1808 2876 amplectuntur,
1839 2781 2016 2854 Ecclesiae
2041 2788 2205 2875 (logmata

165 2886 260 2957 enirn
284 2899 319 2956 te
339 2900 484 2979 propter
504 2889 677 2958 excellens
700 2889 881 2979 ingenium
905 2906 939 2960 et
962 2893 1163 2961 doctrinam
1211 2909 1285 2954 non
1306 2885 1514 2955 convellunt
1530 2909 1595 2954 nec
1618 2908 1710 2953 nova
1733 2885 1900 2973 gignunt,
1926 2888 1986 2975 sed
2011 2911 2147 2957 errores
2169 2902 2205 2960 et

165 3002 201 3060 et
222 2986 394 3081 optimam
421 2989 641 3057 voluntatem
671 3012 751 3079 erga
780 2993 1033 3083 rempublicam
1061 2993 1162 3062 valde
1211 2988 1360 3065 abusus,
1386 2985 1449 3078 qui
1464 2998 1584 3055 contra
1600 2982 1835 3073 Evangelium
1849 2980 1984 3054 Christi
1999 3000 2034 3055 et
2049 2988 2205 3079 purioris

165 3088 293 3160 amavi.
343 3085 398 3157 De
414 3089 594 3181 republica
609 3088 764 3158 libenter
778 3091 822 3157 ad
840 3104 873 3159 te
888 3092 1098 3176 scriberem,
1123 3094 1162 3160 in
1211 3083 1388 3155 Ecclesiae
1417 3086 1549 3156 iudicia
1580 3087 1651 3155 iam
1684 3084 1771 3153 olim
1802 3083 2038 3175 irrepserunt,
2070 3090 2204 3181 populo

131 3269 134 3275 .
166 3213 237 3283 qua
263 3188 330 3260 scis
355 3211 413 3256 me
438 3213 458 3258 a
485 3187 651 3258 violentis
678 3190 834 3259 consiliis
866 3213 1003 3284 semper
1030 3184 1162 3264 ablror-
1211 3189 1395 3256 ostendere
1410 3189 1563 3259 student.
1613 3182 1731 3254 Facile
1747 3183 1841 3254 enim
1859 3208 1922 3276 pro
1938 3188 2204 3278 prudentiane-

164 3290 288 3363 ruisse.
341 3287 411 3359 Sed
433 3284 501 3360 hae
524 3312 581 3360 res
601 3313 676 3359 non
690 3303 773 3361 sunt
788 3293 1058 3367 committendae
1077 3297 1159 3367 lire.
1212 3299 1283 3357 stra
1299 3288 1457 3359 statuetis
1472 3289 1558 3356 tales
1572 3282 1734 3355 homines
1751 3299 1784 3357 et
1796 3281 1931 3358 Christi
1952 3289 2113 3358 membra
2127 3313 2203 3360 non

165 3391 227 3465 ris.
275 3386 318 3464 B.
333 3386 453 3466 VM.
655 3434 660 3445 ·
1211 3390 1318 3458 mod'o
1341 3412 1416 3457 non
1436 3389 1582 3477 indigne
1598 3390 1819 3471 tractandos,
1842 3390 1903 3457 sed
1923 3401 1959 3457 et
1973 3387 2145 3458 iuvandos
2168 3406 2204 3464 et

986 3491 1054 3567 Ph.
1212 3492 1472 3581 promovendos
1502 3490 1597 3581 ipsos
1622 3512 1695 3558 esse
1719 3491 1764 3557 ad
1784 3488 2032 3559 illustrandam
2052 3491 2203 3581 gloriam

1211 3588 1295 3676 Dei;
1318 3614 1408 3684 quae
1426 3604 1557 3684 quanta
1576 3590 1700 3660 multis
1719 3589 1847 3659 seculis
1867 3589 2017 3679 caligine
2037 3614 2203 3683 oppressa

389 3738 395 3749 ι
1211 3692 1335 3775 fuerit,
1360 3716 1433 3761 non
1452 3704 1504 3762 est
1519 3691 1720 3764 obscurum.
1770 3684 1824 3759 Ac
1838 3689 1921 3760 licet
1938 3686 1996 3758 bis
2016 3693 2204 3779 postremis

175 3806 244 3883 No.
258 3807 371 3881 4108.
1054 3818 1084 3880 1,,
1106 3840 1134 3880 e.
1210 3793 1429 3883 temporibus
1443 3789 1540 3862 Deus
1557 3816 1621 3883 pro
1637 3796 1698 3860 sua
1714 3790 1869 3859 bonitate
1886 3788 2000 3858 lucem
2015 3786 2202 3882 Evangelii

169 3904 383 3940 W
1017 3908 1157 3937 W*
1210 3892 1337 3963 iterum
1354 3894 1520 3976 reddidit,
1547 3905 1664 3961 tamen
1679 3892 1801 3958 eadem
1814 3888 1936 3959 multis
1950 3889 1989 3959 in
2002 3891 2090 3962 locis
2104 3892 2203 3963 Pon-

405 3983 690 4095 Reipublt‘eae
715 3983 926 4105 Venetae..
1211 3994 1344 4065 tificum
1370 4007 1406 4064 et
1435 3990 1694 4082 Episcoporum
1726 3990 1914 4083 tyrannide
1947 4004 1983 4062 et
2006 3992 2201 4084 pertinacia

234 4154 350 4227 †ss¹¹
455 4158 491 4210 g„
513 4154 544 4211 ἢ
568 4157 620 4212 ω,
655 4157 716 4211 p·
770 4157 796 4210 D
827 4159 841 4211 ¹
872 4158 925 4213 w
1038 4163 1064 4216 N
1113 4165 1122 4182 ,
1209 4094 1429 4183 premituret
1445 4092 1647 4181 impeditur,
1672 4092 1768 4184 quod
1784 4091 1927 4185 quidem
1941 4093 2056 4162 bonae
2073 4107 2107 4163 et
2121 4094 2203 4187 piae

267 4170 652 4346 pdncffiptoedencomh
669 4178 893 4300 tibhgettior'dm
913 4190 1013 4298 ζωῇ,
1032 4183 1081 4285 „f
1084 4182 1158 4288 '1222
1210 4192 1444 4263 conscientiae
1459 4193 1530 4263 fere
1543 4215 1619 4262 non
1639 4206 1804 4283 possunt,
1824 4193 1922 4263 uude
1936 4206 1971 4263 et
1985 4205 2122 4263 tantum
2137 4220 2201 4287 pe-

269 4303 358 4367 queo
1208 4290 1361 4362 riculum
1387 4292 1473 4384 ipsis
1494 4294 1661 4368 exoritur.
1715 4292 1847 4365 Verum
1871 4293 1902 4362 si
1924 4293 2027 4385 apio
2050 4290 2201 4366 etchri-

1208 4393 1323 4464 stiano
1345 4395 1550 4485 magistratu
1571 4392 1786 4467 defendendi
1808 4405 1843 4463 et
1864 4392 2013 4463 iuvandi
2033 4408 2134 4477 sunt,
2161 4397 2200 4465 id

1207 4496 1304 4589 quod
1328 4497 1554 4588 praecipuum
1578 4496 1736 4586 ipsorum
1758 4494 1913 4565 officium
1936 4508 2006 4576 est,
2029 4500 2200 4589 quemad-

1206 4598 1354 4667 modum
1371 4620 1468 4669 sacra
1491 4620 1633 4690 quoque
1657 4596 1829 4687 scriptura
1852 4606 2014 4682 testatur,
2039 4620 2121 4666 cum
2141 4598 2200 4666 iu-

774 4758 783 4781 1
1207 4699 1302 4791 quit:
1319 4698 1451 4787 aperite
1465 4712 1584 4790 portas
1599 4713 1730 4766 vestras
1745 4695 1938 4787 principes:
1955 4691 2042 4767 baec
2056 4723 2200 4792 quoque

161 4780 408 4867 illustrissime
426 4789 589 4883 princeps
610 4804 645 4861 et
665 4790 796 4886 inclyte
808 4790 978 4881 Senatus,
1001 4794 1155 4867 amiciet
1208 4822 1274 4868 nos
1294 4796 1471 4891 principio
1497 4822 1571 4868 non
1604 4820 1731 4890 panem
1762 4811 1953 4867 moverunt
1976 4798 2022 4868 ad
2049 4801 2201 4869 tuendos

162 4891 233 4965 viri
247 4890 474 4981 singulariter
485 4891 615 4965 dilecti.
667 4890 795 4962 Fertur
806 4896 903 4984 apud
919 4916 1001 4979 nos,
1026 4896 1104 4989 pios
1120 4913 1154 4969 et
1207 4899 1284 4989 pios
1307 4900 1590 4981 concionatores,
1617 4900 1678 4992 qui
1701 4910 1845 4989 propter
1865 4896 2078 4969 Pontificum
2101 4900 2200 4968 indi-

161 4989 332 5065 honestos
351 4985 515 5062 homines
530 4993 700 5087 quosdam
715 4992 756 5064 in
776 4990 877 5064 Italia
897 4996 1053 5067 sincerae
1069 4998 1155 5066 reli·
1206 4999 1409 5090 gnatiouem
1428 4999 1470 5071 in
1489 5000 1695 5071 discrimine
1712 5010 1824 5071 erant.
1876 4998 1995 5087 Quare
2012 5000 2116 5069 etiam
2134 5024 2199 5071 vos

162 5093 279 5186 gionis
294 5091 470 5165 studiosos
485 5094 610 5164 misere
625 5093 735 5184 afiligi
750 5106 785 5164 et
801 5117 923 5184 graves
940 5100 1154 5188 persecutio·
1206 5115 1365 5173 amanter
1380 5102 1555 5191 rogandos
1571 5125 1643 5171 esse
1664 5102 1849 5184 duximus,
1873 5113 1913 5168 ut
1938 5101 2016 5188 pios
2035 5096 2200 5174 homiues

162 5219 226 5267 nes
248 5195 323 5287 pati
348 5218 423 5264 non
442 5209 588 5287 propter
610 5197 716 5266 aliam
739 5219 899 5276 causam,
925 5222 1033 5291 quam
1056 5204 1152 5293 quod
1206 5203 1304 5286 illos,
1337 5216 1372 5273 et
1398 5201 1610 5275 nominatim
1638 5203 1855 5294 praedictum
1877 5194 2048 5270 Balaam
2070 5196 2197 5298 Lupe-

160 5293 397 5387 Evangelium
430 5291 564 5369 Christi
603 5298 785 5391 amplecti,
826 5297 971 5392 eiusque
1004 5300 1151 5391 gloriam
1206 5298 1329 5390 dium,
1362 5305 1425 5397 qui
1448 5329 1528 5377 cum
1551 5305 1722 5376 iratribus
1743 5315 1888 5395 propter
1908 5324 2039 5371 nomen
2060 5299 2196 5374 Christi

162 5400 339 5473 illustrare
368 5409 404 5468 et
428 5419 622 5492 propagare
649 5400 809 5496 cupiunt.
865 5394 939 5474 Nos
964 5424 1065 5491 vero,
1089 5404 1153 5498 qui
1204 5406 1484 5501 persecutionem
1507 5405 1661 5503 patitur,
1691 5402 1979 5479 commendatum
2000 5404 2103 5476 vobis
2128 5399 2194 5476 ha-

165 4447 433 4523 Illastrnsnao
467 4442 641 4548 Principi
670 4448 726 4529 D.
759 4449 899 4524 Petro
930 4450 1093 4526 Saudo
1123 4464 1155 4528 ct

165 4549 306 4648 inclyto
319 4548 480 4623 Senatui
488 4546 733 4648 Reipublicae
748 4548 794 4631 V
789 4563 929 4640 enatae,
954 4556 1155 4631 emicone-

252 4662 348 4737 siro,
376 4649 512 4725 ateiris
528 4651 635 4726 noir's
650 4653 895 4752 singulariter
908 4651 1069 4732 delccrti.
1085 4721 1094 4739 „
