<?xml version="1.0" encoding="UTF-8"?>
<!DOCTYPE html PUBLIC "-//W3C//DTD XHTML 1.0 Transitional//EN"
    "http://www.w3.org/TR/xhtml1/DTD/xhtml1-transitional.dtd">
<html xmlns="http://www.w3.org/1999/xhtml" xml:lang="en" lang="en">
 <head>
  <title>
</title>
<meta http-equiv="Content-Type" content="text/html;charset=utf-8" />
  <meta name='ocr-system' content='tesseract 3.04.00' />
  <meta name='ocr-capabilities' content='ocr_page ocr_carea ocr_par ocr_line ocrx_word'/>
</head>
<body>
  <div class='ocr_page' id='page_1' title='image "./philippimelanth15melagoog/philippimelanth15melagoog_0136.png"; bbox 0 0 4748 6022; ppageno 0'>
   <div class='ocr_carea' id='block_1_1' title="bbox 93 92 2125 247">
    <p class='ocr_par' dir='ltr' id='par_1_1' title="bbox 93 92 2125 247">
     <span class='ocr_line' id='line_1_1' title="bbox 93 92 2125 247; baseline 0.005 -27"><span class='ocrx_word' id='word_1_1' title='bbox 93 150 171 235; x_wconf 65' lang='grc' dir='ltr'><strong>ηε</strong></span> <span class='ocrx_word' id='word_1_2' title='bbox 680 92 1118 226; x_wconf 80' lang='lat' dir='ltr'><strong>nmsronanon</strong></span> <span class='ocrx_word' id='word_1_3' title='bbox 1173 147 1282 225; x_wconf 83' lang='lat' dir='ltr'><strong>nra.</strong></span> <span class='ocrx_word' id='word_1_4' title='bbox 1313 148 1360 224; x_wconf 87' lang='lat' dir='ltr'><strong>x.</strong></span> <span class='ocrx_word' id='word_1_5' title='bbox 1412 101 1546 228; x_wconf 74' lang='lat' dir='ltr'><strong>rats.</strong></span> <span class='ocrx_word' id='word_1_6' title='bbox 1985 135 1989 145; x_wconf 83' lang='grc'><em>’</em></span> <span class='ocrx_word' id='word_1_7' title='bbox 2048 173 2125 247; x_wconf 71' lang='lat'><strong>22⁶</strong></span> 
     </span>
    </p>
   </div>
   <div class='ocr_carea' id='block_1_2' title="bbox 47 315 2140 2337">
    <p class='ocr_par' dir='ltr' id='par_1_2' title="bbox 47 315 2140 1934">
     <span class='ocr_line' id='line_1_2' title="bbox 87 315 2122 418; baseline 0.01 -27"><span class='ocrx_word' id='word_1_8' title='bbox 87 315 193 392; x_wconf 87' lang='lat' dir='ltr'><strong>&#39;meas</strong></span> <span class='ocrx_word' id='word_1_9' title='bbox 208 342 249 393; x_wconf 79' lang='lat' dir='ltr'><strong>er</strong></span> <span class='ocrx_word' id='word_1_10' title='bbox 264 323 427 395; x_wconf 88' lang='lat' dir='ltr'><strong>manibus</strong></span> <span class='ocrx_word' id='word_1_11' title='bbox 442 324 530 394; x_wconf 92' lang='lat' dir='ltr'><strong>meis</strong></span> <span class='ocrx_word' id='word_1_12' title='bbox 544 347 678 417; x_wconf 86' lang='lat' dir='ltr'><strong>rapere.</strong></span> <span class='ocrx_word' id='word_1_13' title='bbox 728 322 805 394; x_wconf 90' lang='lat' dir='ltr'><strong>Hac</strong></span> <span class='ocrx_word' id='word_1_14' title='bbox 819 346 904 394; x_wconf 86' lang='lat' dir='ltr'><strong>vera</strong></span> <span class='ocrx_word' id='word_1_15' title='bbox 917 346 983 392; x_wconf 88' lang='lat' dir='ltr'><strong>nos</strong></span> <span class='ocrx_word' id='word_1_16' title='bbox 997 344 1084 392; x_wconf 92' lang='lat' dir='ltr'><strong>con·</strong></span> <span class='ocrx_word' id='word_1_17' title='bbox 1136 335 1236 392; x_wconf 91' lang='lat' dir='ltr'><strong>tuum</strong></span> <span class='ocrx_word' id='word_1_18' title='bbox 1257 321 1439 394; x_wconf 88' lang='lat' dir='ltr'><strong>excitanda</strong></span> <span class='ocrx_word' id='word_1_19' title='bbox 1459 340 1520 399; x_wconf 87' lang='lat' dir='ltr'><strong>est.</strong></span> <span class='ocrx_word' id='word_1_20' title='bbox 1574 329 1734 418; x_wconf 80' lang='lat' dir='ltr'>Deinde,</span> <span class='ocrx_word' id='word_1_21' title='bbox 1764 358 1844 406; x_wconf 91' lang='lat' dir='ltr'><strong>cum</strong></span> <span class='ocrx_word' id='word_1_22' title='bbox 1866 336 2028 418; x_wconf 87' lang='lat' dir='ltr'><strong>homines</strong></span> <span class='ocrx_word' id='word_1_23' title='bbox 2049 365 2122 414; x_wconf 93' lang='lat' dir='ltr'><strong>non</strong></span> 
     </span>
     <span class='ocr_line' id='line_1_3' title="bbox 97 423 2121 529; baseline 0.014 -34"><span class='ocrx_word' id='word_1_24' title='bbox 97 423 271 495; x_wconf 76' lang='lat' dir='ltr'><strong>solatione</strong></span> <span class='ocrx_word' id='word_1_25' title='bbox 291 425 538 495; x_wconf 87' lang='lat' dir='ltr'><strong>confirmemus</strong></span> <span class='ocrx_word' id='word_1_26' title='bbox 561 439 594 495; x_wconf 89' lang='lat' dir='ltr'><strong>et</strong></span> <span class='ocrx_word' id='word_1_27' title='bbox 610 439 789 518; x_wconf 89' lang='lat' dir='ltr'><strong>petamus,</strong></span> <span class='ocrx_word' id='word_1_28' title='bbox 815 438 849 495; x_wconf 90' lang='lat' dir='ltr'><strong>et</strong></span> <span class='ocrx_word' id='word_1_29' title='bbox 863 435 1083 516; x_wconf 82' lang='lat' dir='ltr'><strong>expectemus</strong></span> <span class='ocrx_word' id='word_1_30' title='bbox 1136 436 1272 494; x_wconf 91' lang='lat' dir='ltr'><strong>tantum</strong></span> <span class='ocrx_word' id='word_1_31' title='bbox 1299 424 1460 495; x_wconf 91' lang='lat' dir='ltr'><strong>doctrina</strong></span> <span class='ocrx_word' id='word_1_32' title='bbox 1487 442 1672 517; x_wconf 88' lang='lat' dir='ltr'><strong>regantur,</strong></span> <span class='ocrx_word' id='word_1_33' title='bbox 1711 436 1773 503; x_wconf 88' lang='lat' dir='ltr'><strong>sed</strong></span> <span class='ocrx_word' id='word_1_34' title='bbox 1801 463 1996 529; x_wconf 87' lang='lat' dir='ltr'><strong>poenarum</strong></span> <span class='ocrx_word' id='word_1_35' title='bbox 2024 468 2121 524; x_wconf 81' lang='lat' dir='ltr'><strong>metu</strong></span> 
     </span>
     <span class='ocr_line' id='line_1_4' title="bbox 94 520 2119 630; baseline 0.014 -37"><span class='ocrx_word' id='word_1_36' title='bbox 94 525 349 614; x_wconf 88' lang='lat' dir='ltr'><strong>protectionem</strong></span> <span class='ocrx_word' id='word_1_37' title='bbox 370 527 415 597; x_wconf 93' lang='lat' dir='ltr'><strong>ab</strong></span> <span class='ocrx_word' id='word_1_38' title='bbox 438 527 514 617; x_wconf 91' lang='lat' dir='ltr'><strong>ipso</strong></span> <span class='ocrx_word' id='word_1_39' title='bbox 536 525 647 596; x_wconf 77' lang='lat' dir='ltr'><strong>tho</strong></span> <span class='ocrx_word' id='word_1_40' title='bbox 659 524 754 611; x_wconf 75' lang='lat' dir='ltr'><strong>DEI,</strong></span> <span class='ocrx_word' id='word_1_41' title='bbox 786 539 821 596; x_wconf 89' lang='lat' dir='ltr'><strong>et</strong></span> <span class='ocrx_word' id='word_1_42' title='bbox 839 538 1019 616; x_wconf 87' lang='lat' dir='ltr'><strong>petamus,</strong></span> <span class='ocrx_word' id='word_1_43' title='bbox 1042 537 1085 594; x_wconf 90' lang='lat' dir='ltr'><strong>ut</strong></span> <span class='ocrx_word' id='word_1_44' title='bbox 1136 520 1346 593; x_wconf 84' lang='lat' dir='ltr'><strong>cohercendi</strong></span> <span class='ocrx_word' id='word_1_45' title='bbox 1376 526 1465 611; x_wconf 92' lang='lat' dir='ltr'><strong>sint,</strong></span> <span class='ocrx_word' id='word_1_46' title='bbox 1504 529 1671 619; x_wconf 83' lang='lat' dir='ltr'><strong>imposuit</strong></span> <span class='ocrx_word' id='word_1_47' title='bbox 1692 535 1793 606; x_wconf 89' lang='lat' dir='ltr'><strong>Deus</strong></span> <span class='ocrx_word' id='word_1_48' title='bbox 1819 548 1937 630; x_wconf 81' lang='lat' dir='ltr'><strong>generi</strong></span> <span class='ocrx_word' id='word_1_49' title='bbox 1962 545 2119 626; x_wconf 89' lang='lat' dir='ltr'><strong>humano</strong></span> 
     </span>
     <span class='ocr_line' id='line_1_5' title="bbox 93 621 2120 742; baseline 0.016 -48"><span class='ocrx_word' id='word_1_50' title='bbox 93 624 204 697; x_wconf 88' lang='lat' dir='ltr'><strong>leniat</strong></span> <span class='ocrx_word' id='word_1_51' title='bbox 218 650 360 717; x_wconf 90' lang='lat' dir='ltr'><strong>poenas.</strong></span> <span class='ocrx_word' id='word_1_52' title='bbox 412 623 559 711; x_wconf 87' lang='lat' dir='ltr'>Adhuc,</span> <span class='ocrx_word' id='word_1_53' title='bbox 584 628 654 697; x_wconf 92' lang='lat' dir='ltr'><strong>Dei</strong></span> <span class='ocrx_word' id='word_1_54' title='bbox 668 625 858 711; x_wconf 87' lang='lat' dir='ltr'><strong>beneficio,</strong></span> <span class='ocrx_word' id='word_1_55' title='bbox 883 626 999 695; x_wconf 90' lang='lat' dir='ltr'><strong>studia</strong></span> <span class='ocrx_word' id='word_1_56' title='bbox 1017 626 1083 694; x_wconf 89' lang='lat' dir='ltr'><strong>do·</strong></span> <span class='ocrx_word' id='word_1_57' title='bbox 1134 626 1366 714; x_wconf 78' lang='lat' dir='ltr'><strong>magistratus,</strong></span> <span class='ocrx_word' id='word_1_58' title='bbox 1385 639 1423 697; x_wconf 91' lang='lat' dir='ltr'><strong>ut</strong></span> <span class='ocrx_word' id='word_1_59' title='bbox 1438 621 1544 697; x_wconf 90' lang='lat' dir='ltr'><strong>huius</strong></span> <span class='ocrx_word' id='word_1_60' title='bbox 1560 654 1642 699; x_wconf 92' lang='lat' dir='ltr'><strong>suae</strong></span> <span class='ocrx_word' id='word_1_61' title='bbox 1656 634 1741 725; x_wconf 92' lang='lat' dir='ltr'><strong>legis</strong></span> <span class='ocrx_word' id='word_1_62' title='bbox 1755 639 1944 715; x_wconf 88' lang='lat' dir='ltr'><strong>violatores</strong></span> <span class='ocrx_word' id='word_1_63' title='bbox 1960 656 2120 742; x_wconf 87' lang='lat' dir='ltr'><strong>puniant.</strong></span> 
     </span>
     <span class='ocr_line' id='line_1_6' title="bbox 47 720 2119 829; baseline 0.016 -34"><span class='ocrx_word' id='word_1_64' title='bbox 47 764 52 771; x_wconf 50' lang='grc'>’</span> <span class='ocrx_word' id='word_1_65' title='bbox 94 725 290 797; x_wconf 85' lang='lat' dir='ltr'><strong>ctrinarum</strong></span> <span class='ocrx_word' id='word_1_66' title='bbox 313 722 372 796; x_wconf 89' lang='lat' dir='ltr'><strong>hic</strong></span> <span class='ocrx_word' id='word_1_67' title='bbox 392 729 584 798; x_wconf 87' lang='lat' dir='ltr'><strong>mediocria</strong></span> <span class='ocrx_word' id='word_1_68' title='bbox 606 740 699 799; x_wconf 82' lang='lat' dir='ltr'><strong>sunt.</strong></span> <span class='ocrx_word' id='word_1_69' title='bbox 756 720 964 796; x_wconf 81' lang='lat' dir='ltr'><strong>Laurentio</strong></span> <span class='ocrx_word' id='word_1_70' title='bbox 987 749 1083 795; x_wconf 90' lang='lat' dir='ltr'><strong>com·</strong></span> <span class='ocrx_word' id='word_1_71' title='bbox 1134 722 1212 796; x_wconf 89' lang='lat' dir='ltr'><strong>Etsi</strong></span> <span class='ocrx_word' id='word_1_72' title='bbox 1228 726 1322 795; x_wconf 92' lang='lat' dir='ltr'><strong>enim</strong></span> <span class='ocrx_word' id='word_1_73' title='bbox 1339 741 1373 796; x_wconf 93' lang='lat' dir='ltr'><strong>et</strong></span> <span class='ocrx_word' id='word_1_74' title='bbox 1390 725 1486 797; x_wconf 88' lang='lat' dir='ltr'><strong>Deus</strong></span> <span class='ocrx_word' id='word_1_75' title='bbox 1502 729 1576 819; x_wconf 89' lang='lat' dir='ltr'><strong>ipse</strong></span> <span class='ocrx_word' id='word_1_76' title='bbox 1592 732 1720 803; x_wconf 88' lang='lat' dir='ltr'><strong>vindex</strong></span> <span class='ocrx_word' id='word_1_77' title='bbox 1738 751 1997 820; x_wconf 89' lang='lat' dir='ltr'><strong>estcontemtae</strong></span> <span class='ocrx_word' id='word_1_78' title='bbox 2013 749 2119 829; x_wconf 93' lang='lat' dir='ltr'><strong>huius</strong></span> 
     </span>
     <span class='ocr_line' id='line_1_7' title="bbox 92 822 2119 949; baseline 0.015 -53"><span class='ocrx_word' id='word_1_79' title='bbox 92 829 260 897; x_wconf 79' lang='lat' dir='ltr'><strong>mandavi</strong></span> <span class='ocrx_word' id='word_1_80' title='bbox 277 822 444 915; x_wconf 85' lang='lat' dir='ltr'><strong>Lucam,</strong></span> <span class='ocrx_word' id='word_1_81' title='bbox 476 829 711 898; x_wconf 88' lang='lat' dir='ltr'><strong>erudiendum</strong></span> <span class='ocrx_word' id='word_1_82' title='bbox 732 830 769 898; x_wconf 93' lang='lat' dir='ltr'><strong>in</strong></span> <span class='ocrx_word' id='word_1_83' title='bbox 790 829 931 919; x_wconf 80' lang='lat' dir='ltr'><strong>linguae</strong></span> <span class='ocrx_word' id='word_1_84' title='bbox 953 828 1082 896; x_wconf 89' lang='lat' dir='ltr'><strong>latinae</strong></span> <span class='ocrx_word' id='word_1_85' title='bbox 1135 849 1290 911; x_wconf 89' lang='lat' dir='ltr'><strong>normae,</strong></span> <span class='ocrx_word' id='word_1_86' title='bbox 1312 840 1430 897; x_wconf 88' lang='lat' dir='ltr'><strong>tamen</strong></span> <span class='ocrx_word' id='word_1_87' title='bbox 1445 830 1604 901; x_wconf 87' lang='lat' dir='ltr'><strong>adiunxit</strong></span> <span class='ocrx_word' id='word_1_88' title='bbox 1618 834 1686 902; x_wconf 89' lang='lat' dir='ltr'><strong>sibi</strong></span> <span class='ocrx_word' id='word_1_89' title='bbox 1701 841 1932 933; x_wconf 85' lang='lat' dir='ltr'><strong>magistratus,</strong></span> <span class='ocrx_word' id='word_1_90' title='bbox 1955 874 2017 940; x_wconf 89' lang='lat' dir='ltr'><strong>per</strong></span> <span class='ocrx_word' id='word_1_91' title='bbox 2030 881 2119 949; x_wconf 90' lang='lat' dir='ltr'><strong>qnos</strong></span> 
     </span>
     <span class='ocr_line' id='line_1_8' title="bbox 92 927 2119 1027; baseline 0.018 -34"><span class='ocrx_word' id='word_1_92' title='bbox 92 929 286 1013; x_wconf 76' lang='lat' dir='ltr'><strong>exercitiis,</strong></span> <span class='ocrx_word' id='word_1_93' title='bbox 326 942 360 999; x_wconf 88' lang='lat' dir='ltr'><strong>et</strong></span> <span class='ocrx_word' id='word_1_94' title='bbox 394 928 698 1014; x_wconf 88' lang='lat' dir='ltr'><strong>Institutionibus‚</strong></span> <span class='ocrx_word' id='word_1_95' title='bbox 741 944 776 1000; x_wconf 88' lang='lat' dir='ltr'><strong>et</strong></span> <span class='ocrx_word' id='word_1_96' title='bbox 809 931 848 997; x_wconf 92' lang='lat' dir='ltr'><strong>in</strong></span> <span class='ocrx_word' id='word_1_97' title='bbox 879 927 1079 999; x_wconf 89' lang='lat' dir='ltr'><strong>Dialectica.</strong></span> <span class='ocrx_word' id='word_1_98' title='bbox 1135 928 1259 1019; x_wconf 80' lang='lat' dir='ltr'><strong>exequi</strong></span> <span class='ocrx_word' id='word_1_99' title='bbox 1276 951 1405 1018; x_wconf 89' lang='lat' dir='ltr'><strong>poenas</strong></span> <span class='ocrx_word' id='word_1_100' title='bbox 1418 930 1625 1023; x_wconf 90' lang='lat' dir='ltr'><strong>plerumque</strong></span> <span class='ocrx_word' id='word_1_101' title='bbox 1640 935 1764 1007; x_wconf 80' lang='lat' dir='ltr'><strong>voluit.</strong></span> <span class='ocrx_word' id='word_1_102' title='bbox 1804 941 2119 1027; x_wconf 83' lang='lat' dir='ltr'><strong>PunitDeusAn-</strong></span> 
     </span>
     <span class='ocr_line' id='line_1_9' title="bbox 93 1025 2117 1143; baseline 0.016 -47"><span class='ocrx_word' id='word_1_103' title='bbox 93 1026 184 1100; x_wconf 90' lang='lat' dir='ltr'><strong>Vult</strong></span> <span class='ocrx_word' id='word_1_104' title='bbox 206 1045 239 1101; x_wconf 89' lang='lat' dir='ltr'><strong>et</strong></span> <span class='ocrx_word' id='word_1_105' title='bbox 255 1031 347 1099; x_wconf 85' lang='lat' dir='ltr'><strong>filius</strong></span> <span class='ocrx_word' id='word_1_106' title='bbox 364 1025 544 1101; x_wconf 66' lang='lat' dir='ltr'><strong>Micheal</strong></span> <span class='ocrx_word' id='word_1_107' title='bbox 560 1031 681 1100; x_wconf 91' lang='lat' dir='ltr'><strong>audire</strong></span> <span class='ocrx_word' id='word_1_108' title='bbox 697 1028 960 1114; x_wconf 89' lang='lat' dir='ltr'><strong>Institutiones‚</strong></span> <span class='ocrx_word' id='word_1_109' title='bbox 984 1029 1080 1122; x_wconf 91' lang='lat' dir='ltr'><strong>quod</strong></span> <span class='ocrx_word' id='word_1_110' title='bbox 1134 1028 1229 1095; x_wconf 74' lang='lat' dir='ltr'><strong>ionii</strong></span> <span class='ocrx_word' id='word_1_111' title='bbox 1249 1029 1416 1098; x_wconf 85' lang='lat' dir='ltr'><strong>libidines</strong></span> <span class='ocrx_word' id='word_1_112' title='bbox 1439 1046 1473 1100; x_wconf 90' lang='lat' dir='ltr'><strong>et</strong></span> <span class='ocrx_word' id='word_1_113' title='bbox 1496 1033 1744 1123; x_wconf 88' lang='lat' dir='ltr'><strong>ambitionem,</strong></span> <span class='ocrx_word' id='word_1_114' title='bbox 1769 1043 1828 1110; x_wconf 89' lang='lat' dir='ltr'><strong>sed</strong></span> <span class='ocrx_word' id='word_1_115' title='bbox 1846 1051 1949 1135; x_wconf 89' lang='lat' dir='ltr'><strong>punit</strong></span> <span class='ocrx_word' id='word_1_116' title='bbox 1961 1077 2024 1143; x_wconf 92' lang='lat' dir='ltr'><strong>per</strong></span> <span class='ocrx_word' id='word_1_117' title='bbox 2039 1058 2117 1128; x_wconf 87' lang='lat' dir='ltr'><strong>Au-</strong></span> 
     </span>
     <span class='ocr_line' id='line_1_10' title="bbox 91 1125 2118 1246; baseline 0.015 -49"><span class='ocrx_word' id='word_1_118' title='bbox 91 1126 185 1198; x_wconf 90' lang='lat' dir='ltr'><strong>mihi</strong></span> <span class='ocrx_word' id='word_1_119' title='bbox 205 1155 280 1201; x_wconf 90' lang='lat' dir='ltr'><strong>non</strong></span> <span class='ocrx_word' id='word_1_120' title='bbox 296 1132 470 1222; x_wconf 82' lang='lat' dir='ltr'><strong>displicet.</strong></span> <span class='ocrx_word' id='word_1_121' title='bbox 520 1130 590 1201; x_wconf 88' lang='lat' dir='ltr'><strong>Sed</strong></span> <span class='ocrx_word' id='word_1_122' title='bbox 608 1133 768 1200; x_wconf 91' lang='lat' dir='ltr'><strong>nondum</strong></span> <span class='ocrx_word' id='word_1_123' title='bbox 786 1131 947 1201; x_wconf 87' lang='lat' dir='ltr'><strong>exercitia</strong></span> <span class='ocrx_word' id='word_1_124' title='bbox 963 1125 1081 1219; x_wconf 90' lang='lat' dir='ltr'><strong>philo·</strong></span> <span class='ocrx_word' id='word_1_125' title='bbox 1130 1136 1292 1220; x_wconf 84' lang='lat' dir='ltr'><strong>gustum.</strong></span> <span class='ocrx_word' id='word_1_126' title='bbox 1348 1128 1420 1200; x_wconf 89' lang='lat' dir='ltr'><strong>Nec</strong></span> <span class='ocrx_word' id='word_1_127' title='bbox 1449 1132 1638 1202; x_wconf 91' lang='lat' dir='ltr'><strong>obscurum</strong></span> <span class='ocrx_word' id='word_1_128' title='bbox 1664 1152 1732 1220; x_wconf 90' lang='lat' dir='ltr'><strong>est,</strong></span> <span class='ocrx_word' id='word_1_129' title='bbox 1763 1143 1873 1231; x_wconf 88' lang='lat' dir='ltr'><strong>legem</strong></span> <span class='ocrx_word' id='word_1_130' title='bbox 1897 1149 1973 1221; x_wconf 90' lang='lat' dir='ltr'><strong>sine</strong></span> <span class='ocrx_word' id='word_1_131' title='bbox 1994 1163 2118 1246; x_wconf 89' lang='lat' dir='ltr'><strong>poenis</strong></span> 
     </span>
     <span class='ocr_line' id='line_1_11' title="bbox 92 1227 2117 1330; baseline 0.015 -30"><span class='ocrx_word' id='word_1_132' title='bbox 92 1227 238 1322; x_wconf 86' lang='lat' dir='ltr'><strong>sophica</strong></span> <span class='ocrx_word' id='word_1_133' title='bbox 261 1233 411 1307; x_wconf 88' lang='lat' dir='ltr'><strong>omittat.</strong></span> <span class='ocrx_word' id='word_1_134' title='bbox 468 1233 597 1305; x_wconf 81' lang='lat' dir='ltr'><strong>sterit</strong></span> <span class='ocrx_word' id='word_1_135' title='bbox 621 1232 773 1317; x_wconf 90' lang='lat' dir='ltr'><strong>bellum,</strong></span> <span class='ocrx_word' id='word_1_136' title='bbox 805 1233 1080 1322; x_wconf 88' lang='lat' dir='ltr'><strong>nisioppressus</strong></span> <span class='ocrx_word' id='word_1_137' title='bbox 1133 1231 1275 1298; x_wconf 88' lang='lat' dir='ltr'><strong>inanem</strong></span> <span class='ocrx_word' id='word_1_138' title='bbox 1306 1231 1461 1301; x_wconf 88' lang='lat' dir='ltr'><strong>sonitum</strong></span> <span class='ocrx_word' id='word_1_139' title='bbox 1489 1233 1613 1302; x_wconf 83' lang='lat' dir='ltr'><strong>videri.</strong></span> <span class='ocrx_word' id='word_1_140' title='bbox 1672 1236 1791 1326; x_wconf 87' lang='lat' dir='ltr'><strong>Quare</strong></span> <span class='ocrx_word' id='word_1_141' title='bbox 1813 1259 1848 1314; x_wconf 90' lang='lat' dir='ltr'><strong>et</strong></span> <span class='ocrx_word' id='word_1_142' title='bbox 1870 1243 2117 1330; x_wconf 50' lang='lat' dir='ltr'><strong>dictum&#39;illud</strong></span> 
     </span>
     <span class='ocr_line' id='line_1_12' title="bbox 92 1326 2117 1431; baseline 0.015 -31"><span class='ocrx_word' id='word_1_143' title='bbox 92 1331 194 1401; x_wconf 82' lang='lat' dir='ltr'><strong>fuero</strong></span> <span class='ocrx_word' id='word_1_144' title='bbox 219 1333 306 1402; x_wconf 90' lang='lat' dir='ltr'><strong>belli</strong></span> <span class='ocrx_word' id='word_1_145' title='bbox 325 1336 489 1420; x_wconf 88' lang='lat' dir='ltr'><strong>saevitia,</strong></span> <span class='ocrx_word' id='word_1_146' title='bbox 523 1335 637 1422; x_wconf 92' lang='lat' dir='ltr'><strong>cogito</strong></span> <span class='ocrx_word' id='word_1_147' title='bbox 660 1334 834 1424; x_wconf 87' lang='lat' dir='ltr'><strong>proficisci</strong></span> <span class='ocrx_word' id='word_1_148' title='bbox 856 1334 894 1401; x_wconf 92' lang='lat' dir='ltr'><strong>in</strong></span> <span class='ocrx_word' id='word_1_149' title='bbox 916 1332 1081 1402; x_wconf 83' lang='lat' dir='ltr'><strong>Patriam.</strong></span> <span class='ocrx_word' id='word_1_150' title='bbox 1133 1326 1320 1399; x_wconf 83' lang='lat' dir='ltr'><strong>Aeschinis</strong></span> <span class='ocrx_word' id='word_1_151' title='bbox 1345 1333 1433 1402; x_wconf 87' lang='lat' dir='ltr'><strong>adeo</strong></span> <span class='ocrx_word' id='word_1_152' title='bbox 1453 1334 1641 1422; x_wconf 90' lang='lat' dir='ltr'><strong>probatum</strong></span> <span class='ocrx_word' id='word_1_153' title='bbox 1656 1352 1724 1424; x_wconf 89' lang='lat' dir='ltr'><strong>est,</strong></span> <span class='ocrx_word' id='word_1_154' title='bbox 1759 1358 1797 1412; x_wconf 90' lang='lat' dir='ltr'><strong>ut</strong></span> <span class='ocrx_word' id='word_1_155' title='bbox 1811 1343 2065 1429; x_wconf 88' lang='lat' dir='ltr'><strong>Demosthenes</strong></span> <span class='ocrx_word' id='word_1_156' title='bbox 2080 1362 2117 1431; x_wconf 96' lang='lat' dir='ltr'><strong>in</strong></span> 
     </span>
     <span class='ocr_line' id='line_1_13' title="bbox 90 1427 2120 1535; baseline 0.017 -34"><span class='ocrx_word' id='word_1_157' title='bbox 90 1427 141 1502; x_wconf 81' lang='lat' dir='ltr'><strong>Et</strong></span> <span class='ocrx_word' id='word_1_158' title='bbox 155 1433 344 1505; x_wconf 88' lang='lat' dir='ltr'><strong>clementer</strong></span> <span class='ocrx_word' id='word_1_159' title='bbox 358 1437 404 1504; x_wconf 91' lang='lat' dir='ltr'><strong>ad</strong></span> <span class='ocrx_word' id='word_1_160' title='bbox 422 1462 479 1507; x_wconf 90' lang='lat' dir='ltr'><strong>me</strong></span> <span class='ocrx_word' id='word_1_161' title='bbox 494 1435 632 1526; x_wconf 86' lang='lat' dir='ltr'><strong>scripsit</strong></span> <span class='ocrx_word' id='word_1_162' title='bbox 646 1458 751 1503; x_wconf 90' lang='lat' dir='ltr'><strong>senex</strong></span> <span class='ocrx_word' id='word_1_163' title='bbox 767 1434 957 1507; x_wconf 87' lang='lat' dir='ltr'><strong>Palatinus.</strong></span> <span class='ocrx_word' id='word_1_164' title='bbox 1003 1428 1080 1501; x_wconf 92' lang='lat' dir='ltr'><strong>Oro</strong></span> <span class='ocrx_word' id='word_1_165' title='bbox 1132 1453 1231 1500; x_wconf 87' lang='lat' dir='ltr'><strong>suam</strong></span> <span class='ocrx_word' id='word_1_166' title='bbox 1244 1433 1421 1524; x_wconf 91' lang='lat' dir='ltr'><strong>quandam</strong></span> <span class='ocrx_word' id='word_1_167' title='bbox 1433 1434 1628 1504; x_wconf 88' lang='lat' dir='ltr'><strong>orationem</strong></span> <span class='ocrx_word' id='word_1_168' title='bbox 1641 1443 1875 1518; x_wconf 88' lang='lat' dir='ltr'><strong>transtulerit:</strong></span> <span class='ocrx_word' id='word_1_169' title='bbox 1899 1449 2120 1535; x_wconf 75' lang='grc' dir='ltr'><strong><em>οὐδὲνίστὶν</em></strong></span> 
     </span>
     <span class='ocr_line' id='line_1_14' title="bbox 70 1524 2119 1646; baseline 0.017 -47"><span class='ocrx_word' id='word_1_170' title='bbox 70 1524 73 1531; x_wconf 75' lang='lat'>&#39;</span> <span class='ocrx_word' id='word_1_171' title='bbox 91 1529 227 1603; x_wconf 84' lang='lat' dir='ltr'><strong>Filium</strong></span> <span class='ocrx_word' id='word_1_172' title='bbox 242 1525 331 1616; x_wconf 85' lang='lat' dir='ltr'><strong>Dei,</strong></span> <span class='ocrx_word' id='word_1_173' title='bbox 356 1549 397 1606; x_wconf 93' lang='lat' dir='ltr'><strong>ut</strong></span> <span class='ocrx_word' id='word_1_174' title='bbox 412 1563 481 1609; x_wconf 88' lang='lat' dir='ltr'><strong>vox</strong></span> <span class='ocrx_word' id='word_1_175' title='bbox 496 1551 528 1606; x_wconf 90' lang='lat' dir='ltr'><strong>et</strong></span> <span class='ocrx_word' id='word_1_176' title='bbox 546 1548 679 1605; x_wconf 86' lang='lat' dir='ltr'><strong>vestros</strong></span> <span class='ocrx_word' id='word_1_177' title='bbox 695 1548 876 1626; x_wconf 87' lang='lat' dir='ltr'><strong>protegat,</strong></span> <span class='ocrx_word' id='word_1_178' title='bbox 902 1549 936 1605; x_wconf 90' lang='lat' dir='ltr'><strong>et</strong></span> <span class='ocrx_word' id='word_1_179' title='bbox 953 1535 1081 1604; x_wconf 80' lang='lat' dir='ltr'><strong>coniic-</strong></span> <span class='ocrx_word' id='word_1_180' title='bbox 1133 1529 1264 1627; x_wconf 79' lang='grc' dir='ltr'><strong><em>ὄφελος</em></strong></span> <span class='ocrx_word' id='word_1_181' title='bbox 1283 1525 1420 1613; x_wconf 79' lang='grc' dir='ltr'><strong><em>πόλεως</em></strong></span> <span class='ocrx_word' id='word_1_182' title='bbox 1432 1530 1511 1625; x_wconf 81' lang='grc' dir='ltr'><strong><em>ἥτις</em></strong></span> <span class='ocrx_word' id='word_1_183' title='bbox 1523 1531 1576 1628; x_wconf 85' lang='grc' dir='ltr'><strong>μὴ</strong></span> <span class='ocrx_word' id='word_1_184' title='bbox 1592 1543 1707 1633; x_wconf 76' lang='grc' dir='ltr'><em>νεῦρα</em></span> <span class='ocrx_word' id='word_1_185' title='bbox 1724 1539 1881 1629; x_wconf 64' lang='lat' dir='ltr'><strong>intrude</strong></span> <span class='ocrx_word' id='word_1_186' title='bbox 1895 1548 2119 1646; x_wconf 76' lang='grc' dir='ltr'><em>ἀδικοῦντας</em></span> 
     </span>
     <span class='ocr_line' id='line_1_15' title="bbox 92 1629 2120 1736; baseline 0.015 -33"><span class='ocrx_word' id='word_1_187' title='bbox 92 1647 164 1704; x_wconf 90' lang='lat' dir='ltr'><strong>met</strong></span> <span class='ocrx_word' id='word_1_188' title='bbox 189 1637 292 1706; x_wconf 89' lang='lat' dir='ltr'><strong>vobis</strong></span> <span class='ocrx_word' id='word_1_189' title='bbox 314 1637 427 1706; x_wconf 90' lang='lat' dir='ltr'><strong>animi</strong></span> <span class='ocrx_word' id='word_1_190' title='bbox 449 1653 484 1710; x_wconf 86' lang='lat' dir='ltr'><strong>et</strong></span> <span class='ocrx_word' id='word_1_191' title='bbox 502 1637 660 1728; x_wconf 90' lang='lat' dir='ltr'><strong>corporis</strong></span> <span class='ocrx_word' id='word_1_192' title='bbox 681 1637 784 1707; x_wconf 88' lang='lat' dir='ltr'><strong>vires.</strong></span> <span class='ocrx_word' id='word_1_193' title='bbox 840 1634 938 1706; x_wconf 89' lang='lat' dir='ltr'><strong>Bene</strong></span> <span class='ocrx_word' id='word_1_194' title='bbox 959 1636 1081 1706; x_wconf 86' lang='lat' dir='ltr'><strong>valete.</strong></span> <span class='ocrx_word' id='word_1_195' title='bbox 1133 1629 1224 1724; x_wconf 75' lang='grc' dir='ltr'><strong><em>ἔχει,</em></strong></span> <span class='ocrx_word' id='word_1_196' title='bbox 1251 1630 1345 1701; x_wconf 91' lang='lat' dir='ltr'><strong>nihil</strong></span> <span class='ocrx_word' id='word_1_197' title='bbox 1363 1635 1479 1703; x_wconf 88' lang='lat' dir='ltr'><strong>valere</strong></span> <span class='ocrx_word' id='word_1_198' title='bbox 1496 1637 1689 1710; x_wconf 90' lang='lat' dir='ltr'><strong>civitatem:</strong></span> <span class='ocrx_word' id='word_1_199' title='bbox 1716 1668 1804 1736; x_wconf 90' lang='lat' dir='ltr'><strong>quae</strong></span> <span class='ocrx_word' id='word_1_200' title='bbox 1822 1673 1948 1724; x_wconf 90' lang='lat' dir='ltr'><strong>nervos</strong></span> <span class='ocrx_word' id='word_1_201' title='bbox 1966 1683 2039 1728; x_wconf 93' lang='lat' dir='ltr'><strong>non</strong></span> <span class='ocrx_word' id='word_1_202' title='bbox 2055 1659 2120 1733; x_wconf 90' lang='lat' dir='ltr'><strong>ha-</strong></span> 
     </span>
     <span class='ocr_line' id='line_1_16' title="bbox 92 1729 2120 1837; baseline 0.023 -49"><span class='ocrx_word' id='word_1_203' title='bbox 92 1729 161 1805; x_wconf 69' lang='lat' dir='ltr'><strong>Die</strong></span> <span class='ocrx_word' id='word_1_204' title='bbox 176 1735 236 1807; x_wconf 76' lang='lat'><strong>51,</strong></span> <span class='ocrx_word' id='word_1_205' title='bbox 251 1735 413 1828; x_wconf 54' lang='lat' dir='ltr'><strong>Augusti,</strong></span> <span class='ocrx_word' id='word_1_206' title='bbox 1132 1735 1193 1803; x_wconf 92' lang='lat' dir='ltr'><strong>bet</strong></span> <span class='ocrx_word' id='word_1_207' title='bbox 1212 1735 1379 1804; x_wconf 88' lang='lat' dir='ltr'><strong>adversus</strong></span> <span class='ocrx_word' id='word_1_208' title='bbox 1395 1735 1623 1813; x_wconf 87' lang='lat' dir='ltr'><strong>facinorosos.</strong></span> <span class='ocrx_word' id='word_1_209' title='bbox 1675 1740 1795 1831; x_wconf 82' lang='lat' dir='ltr'><strong>Quare</strong></span> <span class='ocrx_word' id='word_1_210' title='bbox 1810 1764 1850 1820; x_wconf 91' lang='lat' dir='ltr'><strong>ut</strong></span> <span class='ocrx_word' id='word_1_211' title='bbox 1862 1760 1980 1826; x_wconf 84' lang='lat' dir='ltr'><strong>sontes</strong></span> <span class='ocrx_word' id='word_1_212' title='bbox 1995 1764 2120 1837; x_wconf 89' lang='lat' dir='ltr'><strong>ordine</strong></span> 
     </span>
     <span class='ocr_line' id='line_1_17' title="bbox 790 1831 2140 1934; baseline 0.024 -30"><span class='ocrx_word' id='word_1_213' title='bbox 790 1860 796 1866; x_wconf 90' lang='lat'><strong>·</strong></span> <span class='ocrx_word' id='word_1_214' title='bbox 834 1831 1031 1928; x_wconf 89' lang='lat' dir='ltr'><strong>Philippus.</strong></span> <span class='ocrx_word' id='word_1_215' title='bbox 1132 1833 1172 1901; x_wconf 95' lang='lat' dir='ltr'><strong>in</strong></span> <span class='ocrx_word' id='word_1_216' title='bbox 1185 1835 1316 1904; x_wconf 87' lang='lat' dir='ltr'><strong>iudicia</strong></span> <span class='ocrx_word' id='word_1_217' title='bbox 1329 1836 1448 1906; x_wconf 89' lang='lat' dir='ltr'><strong>vocari</strong></span> <span class='ocrx_word' id='word_1_218' title='bbox 1462 1853 1614 1928; x_wconf 89' lang='lat' dir='ltr'><strong>possent,</strong></span> <span class='ocrx_word' id='word_1_219' title='bbox 1634 1845 1824 1918; x_wconf 91' lang='lat' dir='ltr'><strong>criminum</strong></span> <span class='ocrx_word' id='word_1_220' title='bbox 1839 1846 2140 1934; x_wconf 53' lang='lat' dir='ltr'><strong>nominantem(</strong></span> 
     </span>
    </p>

    <p class='ocr_par' dir='ltr' id='par_1_3' title="bbox 1132 1936 2121 2058">
     <span class='ocr_line' id='line_1_18' title="bbox 1132 1936 2121 2058; baseline 0.034 -55"><span class='ocrx_word' id='word_1_221' title='bbox 1132 1936 1221 2004; x_wconf 90' lang='lat' dir='ltr'><strong>buta</strong></span> <span class='ocrx_word' id='word_1_222' title='bbox 1240 1949 1342 2020; x_wconf 90' lang='lat' dir='ltr'><strong>sunt,</strong></span> <span class='ocrx_word' id='word_1_223' title='bbox 1375 1947 1411 2005; x_wconf 90' lang='lat' dir='ltr'><strong>et</strong></span> <span class='ocrx_word' id='word_1_224' title='bbox 1431 1943 1712 2013; x_wconf 88' lang='lat' dir='ltr'><strong>accommodatae</strong></span> <span class='ocrx_word' id='word_1_225' title='bbox 1735 1955 1996 2027; x_wconf 89' lang='lat' dir='ltr'><strong>accusationum</strong></span> <span class='ocrx_word' id='word_1_226' title='bbox 2015 1977 2121 2058; x_wconf 86' lang='lat' dir='ltr'><strong>atque</strong></span> 
     </span>
    </p>

    <p class='ocr_par' dir='ltr' id='par_1_4' title="bbox 1134 2034 2121 2150">
     <span class='ocr_line' id='line_1_19' title="bbox 1134 2034 2121 2150; baseline 0.031 -47"><span class='ocrx_word' id='word_1_227' title='bbox 1134 2035 1313 2105; x_wconf 85' lang='lat' dir='ltr'><strong>actionum</strong></span> <span class='ocrx_word' id='word_1_228' title='bbox 1332 2034 1478 2109; x_wconf 85' lang='lat' dir='ltr'><strong>formae.</strong></span> <span class='ocrx_word' id='word_1_229' title='bbox 1530 2037 1641 2109; x_wconf 91' lang='lat' dir='ltr'><strong>Nervi</strong></span> <span class='ocrx_word' id='word_1_230' title='bbox 1658 2059 1742 2115; x_wconf 89' lang='lat' dir='ltr'><strong>sunt</strong></span> <span class='ocrx_word' id='word_1_231' title='bbox 1762 2049 1871 2138; x_wconf 86' lang='lat' dir='ltr'><strong>igitur</strong></span> <span class='ocrx_word' id='word_1_232' title='bbox 1890 2072 1924 2127; x_wconf 89' lang='lat' dir='ltr'><strong>et</strong></span> <span class='ocrx_word' id='word_1_233' title='bbox 1945 2058 2062 2150; x_wconf 89' lang='lat' dir='ltr'><strong>legum</strong></span> <span class='ocrx_word' id='word_1_234' title='bbox 2085 2081 2121 2138; x_wconf 85' lang='lat' dir='ltr'><strong>et</strong></span> 
     </span>
    </p>

    <p class='ocr_par' dir='ltr' id='par_1_5' title="bbox 87 2130 2121 2337">
     <span class='ocr_line' id='line_1_20' title="bbox 94 2130 2121 2240; baseline 0.03 -62"><span class='ocrx_word' id='word_1_235' title='bbox 94 2140 97 2147; x_wconf 22' lang='grc' dir='ltr'><strong>Δ</strong></span> <span class='ocrx_word' id='word_1_236' title='bbox 1132 2135 1240 2205; x_wconf 86' lang='lat' dir='ltr'><strong>totius</strong></span> <span class='ocrx_word' id='word_1_237' title='bbox 1269 2130 1447 2205; x_wconf 85' lang='lat' dir='ltr'><strong>humanae</strong></span> <span class='ocrx_word' id='word_1_238' title='bbox 1478 2141 1652 2212; x_wconf 87' lang='lat' dir='ltr'><strong>societatis</strong></span> <span class='ocrx_word' id='word_1_239' title='bbox 1686 2146 1782 2237; x_wconf 91' lang='lat' dir='ltr'><strong>ipsae</strong></span> <span class='ocrx_word' id='word_1_240' title='bbox 1816 2159 2053 2232; x_wconf 87' lang='lat' dir='ltr'><strong>accusationes</strong></span> <span class='ocrx_word' id='word_1_241' title='bbox 2085 2181 2121 2240; x_wconf 88' lang='lat' dir='ltr'><strong>et</strong></span> 
     </span>
     <span class='ocr_line' id='line_1_21' title="bbox 87 2216 2121 2337; baseline 0.025 -50"><span class='ocrx_word' id='word_1_242' title='bbox 87 2216 161 2292; x_wconf 90' lang='lat' dir='ltr'><strong>No.</strong></span> <span class='ocrx_word' id='word_1_243' title='bbox 177 2218 290 2293; x_wconf 72' lang='lat'><strong>3549.</strong></span> <span class='ocrx_word' id='word_1_244' title='bbox 932 2233 961 2293; x_wconf 92' lang='lat'><strong>1·</strong></span> <span class='ocrx_word' id='word_1_245' title='bbox 978 2222 1081 2305; x_wconf 76' lang='lat' dir='ltr'><strong>septb.</strong></span> <span class='ocrx_word' id='word_1_246' title='bbox 1135 2236 1299 2306; x_wconf 80' lang='lat' dir='ltr'><strong>actiones.</strong></span> <span class='ocrx_word' id='word_1_247' title='bbox 1351 2234 1459 2324; x_wconf 86' lang='lat' dir='ltr'><strong>Quod</strong></span> <span class='ocrx_word' id='word_1_248' title='bbox 1472 2263 1552 2307; x_wconf 89' lang='lat' dir='ltr'><strong>cum</strong></span> <span class='ocrx_word' id='word_1_249' title='bbox 1568 2242 1617 2311; x_wconf 89' lang='lat' dir='ltr'><strong>ita</strong></span> <span class='ocrx_word' id='word_1_250' title='bbox 1634 2245 1689 2329; x_wconf 81' lang='lat' dir='ltr'><strong>sit,</strong></span> <span class='ocrx_word' id='word_1_251' title='bbox 1713 2250 1786 2318; x_wconf 76' lang='lat' dir='ltr'><strong>n&#39;on</strong></span> <span class='ocrx_word' id='word_1_252' title='bbox 1803 2254 1917 2324; x_wconf 86' lang='lat' dir='ltr'><strong>solum</strong></span> <span class='ocrx_word' id='word_1_253' title='bbox 1931 2253 1999 2331; x_wconf 93' lang='lat' dir='ltr'><strong>hoc</strong></span> <span class='ocrx_word' id='word_1_254' title='bbox 2014 2265 2121 2337; x_wconf 90' lang='lat' dir='ltr'><strong>intel-</strong></span> 
     </span>
    </p>
   </div>
   <div class='ocr_carea' id='block_1_3' title="bbox 89 2314 2122 2543">
    <p class='ocr_par' dir='ltr' id='par_1_6' title="bbox 89 2314 2122 2543">
     <span class='ocr_line' id='line_1_22' title="bbox 89 2314 2122 2443; baseline 0.03 -64"><span class='ocrx_word' id='word_1_255' title='bbox 89 2317 303 2354; x_wconf 51' lang='grc' dir='ltr'><strong>Μ</strong></span> <span class='ocrx_word' id='word_1_256' title='bbox 912 2314 1081 2339; x_wconf 49' lang='lat' dir='ltr'><strong>”N</strong></span> <span class='ocrx_word' id='word_1_257' title='bbox 1134 2337 1197 2425; x_wconf 83' lang='lat' dir='ltr'><strong>ligi</strong></span> <span class='ocrx_word' id='word_1_258' title='bbox 1213 2348 1348 2427; x_wconf 89' lang='lat' dir='ltr'><strong>potest,</strong></span> <span class='ocrx_word' id='word_1_259' title='bbox 1377 2360 1541 2426; x_wconf 91' lang='lat' dir='ltr'><strong>magnam</strong></span> <span class='ocrx_word' id='word_1_260' title='bbox 1560 2365 1632 2412; x_wconf 88' lang='lat' dir='ltr'><strong>esse</strong></span> <span class='ocrx_word' id='word_1_261' title='bbox 1648 2346 1721 2414; x_wconf 88' lang='lat' dir='ltr'><strong>vim</strong></span> <span class='ocrx_word' id='word_1_262' title='bbox 1740 2363 1774 2421; x_wconf 90' lang='lat' dir='ltr'><strong>et</strong></span> <span class='ocrx_word' id='word_1_263' title='bbox 1787 2353 1993 2443; x_wconf 89' lang='lat' dir='ltr'><strong>dignitatern</strong></span> <span class='ocrx_word' id='word_1_264' title='bbox 2010 2368 2122 2438; x_wconf 91' lang='lat' dir='ltr'><strong>actio-</strong></span> 
     </span>
     <span class='ocr_line' id='line_1_23' title="bbox 408 2399 2120 2543; baseline 0.03 -56"><span class='ocrx_word' id='word_1_265' title='bbox 408 2401 556 2484; x_wconf 71' lang='grc' dir='ltr'><strong>ῙθαΰῘῑο</strong></span> <span class='ocrx_word' id='word_1_266' title='bbox 578 2399 732 2483; x_wconf 66' lang='lat' dir='ltr'><strong>Molle?</strong></span> <span class='ocrx_word' id='word_1_267' title='bbox 732 2426 766 2486; x_wconf 89' lang='lat'><strong>⁰·</strong></span> <span class='ocrx_word' id='word_1_268' title='bbox 1134 2460 1240 2522; x_wconf 92' lang='lat' dir='ltr'><strong>num,</strong></span> <span class='ocrx_word' id='word_1_269' title='bbox 1264 2438 1325 2505; x_wconf 90' lang='lat' dir='ltr'><strong>sed</strong></span> <span class='ocrx_word' id='word_1_270' title='bbox 1345 2438 1449 2506; x_wconf 87' lang='lat' dir='ltr'><strong>etiam</strong></span> <span class='ocrx_word' id='word_1_271' title='bbox 1466 2442 1693 2532; x_wconf 89' lang='lat' dir='ltr'><strong>perspicitur,</strong></span> <span class='ocrx_word' id='word_1_272' title='bbox 1719 2467 1863 2543; x_wconf 88' lang='lat' dir='ltr'><strong>propter</strong></span> <span class='ocrx_word' id='word_1_273' title='bbox 1875 2461 2029 2534; x_wconf 78' lang='lat' dir='ltr'><strong>actiones</strong></span> <span class='ocrx_word' id='word_1_274' title='bbox 2044 2492 2120 2539; x_wconf 90' lang='lat' dir='ltr'><strong>ma·</strong></span> 
     </span>
    </p>
   </div>
   <div class='ocr_carea' id='block_1_4' title="bbox 97 2538 2121 2663">
    <p class='ocr_par' dir='ltr' id='par_1_7' title="bbox 97 2538 2121 2663">
     <span class='ocr_line' id='line_1_24' title="bbox 97 2538 2121 2663; baseline 0.014 -58"><span class='ocrx_word' id='word_1_275' title='bbox 97 2592 100 2596; x_wconf 84' lang='lat'><em>-</em></span> <span class='ocrx_word' id='word_1_276' title='bbox 161 2553 298 2611; x_wconf 80' lang='lat' dir='ltr'><strong>Praelatio</strong></span> <span class='ocrx_word' id='word_1_277' title='bbox 311 2555 339 2609; x_wconf 91' lang='lat' dir='ltr'><strong>in</strong></span> <span class='ocrx_word' id='word_1_278' title='bbox 352 2557 466 2612; x_wconf 85' lang='lat' dir='ltr'><strong>librum:</strong></span> <span class='ocrx_word' id='word_1_279' title='bbox 485 2557 600 2612; x_wconf 83' lang='lat' dir='ltr'><strong>Collatio</strong></span> <span class='ocrx_word' id='word_1_280' title='bbox 612 2556 749 2612; x_wconf 86' lang='lat' dir='ltr'><strong>actionum</strong></span> <span class='ocrx_word' id='word_1_281' title='bbox 761 2555 913 2610; x_wconf 77' lang='lat' dir='ltr'><strong>forensium</strong></span> <span class='ocrx_word' id='word_1_282' title='bbox 928 2554 1080 2612; x_wconf 70' lang='lat' dir='ltr'><strong>Atticarum</strong></span> <span class='ocrx_word' id='word_1_283' title='bbox 1132 2538 1225 2607; x_wconf 82' lang='lat' dir='ltr'><strong>xime</strong></span> <span class='ocrx_word' id='word_1_284' title='bbox 1255 2538 1439 2628; x_wconf 69' lang='lat' dir='ltr'><strong>impOSliOS</strong></span> <span class='ocrx_word' id='word_1_285' title='bbox 1467 2564 1539 2610; x_wconf 71' lang='lat' dir='ltr'><strong>esse</strong></span> <span class='ocrx_word' id='word_1_286' title='bbox 1555 2540 1688 2632; x_wconf 54' lang='lat' dir='ltr'><strong>lgeneri</strong></span> <span class='ocrx_word' id='word_1_287' title='bbox 1710 2543 1866 2625; x_wconf 76' lang='lat' dir='ltr'><strong>humano</strong></span> <span class='ocrx_word' id='word_1_288' title='bbox 1890 2564 2121 2663; x_wconf 62' lang='lat' dir='ltr'><strong>lssdgissiralus‚</strong></span> 
     </span>
    </p>
   </div>
   <div class='ocr_carea' id='block_1_5' title="bbox 194 2623 2121 2765">
    <p class='ocr_par' dir='ltr' id='par_1_8' title="bbox 194 2623 2121 2765">
     <span class='ocr_line' id='line_1_25' title="bbox 194 2623 2121 2765; baseline 0.005 -20"><span class='ocrx_word' id='word_1_289' title='bbox 194 2623 1081 2765; x_wconf 64' lang='lat' dir='ltr'><strong>avisatus‘aitarisatttf‘ttt.t¹:1::¹¹ttt::</strong></span> <span class='ocrx_word' id='word_1_290' title='bbox 1132 2639 1206 2732; x_wconf 63' lang='lat' dir='ltr'><strong>ot</strong></span> <span class='ocrx_word' id='word_1_291' title='bbox 1326 2643 1627 2732; x_wconf 59' lang='lat' dir='ltr'><strong>ueneremur</strong></span> <span class='ocrx_word' id='word_1_292' title='bbox 1642 2653 1812 2739; x_wconf 67' lang='lat' dir='ltr'><strong>custodes,</strong></span> <span class='ocrx_word' id='word_1_293' title='bbox 1925 2687 1967 2733; x_wconf 74' lang='lat' dir='ltr'><strong>eo</strong></span> <span class='ocrx_word' id='word_1_294' title='bbox 1984 2679 2121 2741; x_wconf 71' lang='lat' dir='ltr'><strong>anum</strong></span> 
     </span>
    </p>
   </div>
   <div class='ocr_carea' id='block_1_6' title="bbox 196 2741 2122 2853">
    <p class='ocr_par' dir='ltr' id='par_1_9' title="bbox 196 2741 2122 2853">
     <span class='ocr_line' id='line_1_26' title="bbox 196 2741 2122 2853; baseline 0.014 -42"><span class='ocrx_word' id='word_1_295' title='bbox 196 2761 238 2813; x_wconf 83' lang='lat' dir='ltr'><strong>uis</strong></span> <span class='ocrx_word' id='word_1_296' title='bbox 256 2763 357 2836; x_wconf 81' lang='lat' dir='ltr'><strong>elegia,</strong></span> <span class='ocrx_word' id='word_1_297' title='bbox 379 2763 458 2817; x_wconf 78' lang='lat' dir='ltr'><strong>citata</strong></span> <span class='ocrx_word' id='word_1_298' title='bbox 477 2763 685 2817; x_wconf 79' lang='lat' dir='ltr'><strong>sDemostbene</strong></span> <span class='ocrx_word' id='word_1_299' title='bbox 699 2766 732 2814; x_wconf 88' lang='lat' dir='ltr'><strong>de</strong></span> <span class='ocrx_word' id='word_1_300' title='bbox 746 2764 849 2826; x_wconf 81' lang='lat' dir='ltr'><strong>causis,</strong></span> <span class='ocrx_word' id='word_1_301' title='bbox 872 2780 941 2832; x_wconf 80' lang='lat' dir='ltr'><strong>quae</strong></span> <span class='ocrx_word' id='word_1_302' title='bbox 955 2759 1080 2816; x_wconf 78' lang='lat' dir='ltr'><strong>adferunt</strong></span> <span class='ocrx_word' id='word_1_303' title='bbox 1133 2741 1182 2810; x_wconf 72' lang='grc' dir='ltr'><strong>8ἱο</strong></span> <span class='ocrx_word' id='word_1_304' title='bbox 1204 2741 1446 2833; x_wconf 64' lang='lat' dir='ltr'><strong>appellantur,</strong></span> <span class='ocrx_word' id='word_1_305' title='bbox 1475 2747 1807 2841; x_wconf 68' lang='lat' dir='ltr'><strong>quoddoctt&#39;inam,</strong></span> <span class='ocrx_word' id='word_1_306' title='bbox 1839 2775 1971 2853; x_wconf 80' lang='lat' dir='ltr'><strong>sepiam</strong></span> <span class='ocrx_word' id='word_1_307' title='bbox 1988 2769 2122 2843; x_wconf 83' lang='lat' dir='ltr'><strong>biblio-</strong></span> 
     </span>
    </p>
   </div>
   <div class='ocr_carea' id='block_1_7' title="bbox 195 2829 2121 2971">
    <p class='ocr_par' dir='ltr' id='par_1_10' title="bbox 195 2829 2121 2971">
     <span class='ocr_line' id='line_1_27' title="bbox 195 2829 2121 2971; baseline 0.016 -70"><span class='ocrx_word' id='word_1_308' title='bbox 195 2829 1080 2971; x_wconf 35' lang='lat' dir='ltr'><strong>{3:222ng:¹:1¹:²²¹832ecfijfitgjjgg⁸sef⁰pggffig:⁰¹2³th¹³¹le</strong></span> <span class='ocrx_word' id='word_1_309' title='bbox 1131 2836 1242 2912; x_wconf 89' lang='lat' dir='ltr'><strong>thecis</strong></span> <span class='ocrx_word' id='word_1_310' title='bbox 1262 2843 1480 2925; x_wconf 88' lang='lat' dir='ltr'><strong>custodiant,</strong></span> <span class='ocrx_word' id='word_1_311' title='bbox 1507 2848 1567 2915; x_wconf 88' lang='lat' dir='ltr'><strong>scd</strong></span> <span class='ocrx_word' id='word_1_312' title='bbox 1587 2852 1684 2942; x_wconf 90' lang='lat' dir='ltr'><strong>quod</strong></span> <span class='ocrx_word' id='word_1_313' title='bbox 1703 2868 1822 2944; x_wconf 89' lang='lat' dir='ltr'><strong>postea</strong></span> <span class='ocrx_word' id='word_1_314' title='bbox 1836 2865 2019 2937; x_wconf 87' lang='lat' dir='ltr'><strong>severitate</strong></span> <span class='ocrx_word' id='word_1_315' title='bbox 2036 2895 2121 2961; x_wconf 79' lang='lat' dir='ltr'><strong>poe.</strong></span> 
     </span>
    </p>
   </div>
   <div class='ocr_carea' id='block_1_8' title="bbox 194 2945 2120 3146">
    <p class='ocr_par' dir='ltr' id='par_1_11' title="bbox 194 2945 2120 3146">
     <span class='ocr_line' id='line_1_28' title="bbox 195 2945 2120 3060; baseline 0.014 -44"><span class='ocrx_word' id='word_1_316' title='bbox 195 2966 302 3035; x_wconf 77' lang='lat' dir='ltr'><strong>Lipsiae</strong></span> <span class='ocrx_word' id='word_1_317' title='bbox 321 2969 347 3022; x_wconf 90' lang='lat' dir='ltr'><strong>in</strong></span> <span class='ocrx_word' id='word_1_318' title='bbox 367 2969 531 3024; x_wconf 75' lang='lat' dir='ltr'><strong>Bibliotheca</strong></span> <span class='ocrx_word' id='word_1_319' title='bbox 551 2969 680 3030; x_wconf 81' lang='lat' dir='ltr'><strong>Senatus,</strong></span> <span class='ocrx_word' id='word_1_320' title='bbox 706 2967 867 3035; x_wconf 80' lang='lat' dir='ltr'><strong>descripsit]</strong></span> <span class='ocrx_word' id='word_1_321' title='bbox 891 2999 926 3011; x_wconf 91' lang='lat'><em>-</em></span> <span class='ocrx_word' id='word_1_322' title='bbox 967 2967 1079 3022; x_wconf 84' lang='lat' dir='ltr'><strong>Contuli</strong></span> <span class='ocrx_word' id='word_1_323' title='bbox 1132 2968 1259 3014; x_wconf 67' lang='lat' dir='ltr'><strong>nalum</strong></span> <span class='ocrx_word' id='word_1_324' title='bbox 1289 2945 1419 3015; x_wconf 83' lang='lat' dir='ltr'><strong>civium</strong></span> <span class='ocrx_word' id='word_1_325' title='bbox 1449 2947 1585 3017; x_wconf 62' lang='lat' dir='ltr'><strong>animm</strong></span> <span class='ocrx_word' id='word_1_326' title='bbox 1613 2954 1659 3020; x_wconf 72' lang='lat' dir='ltr'><strong>ad</strong></span> <span class='ocrx_word' id='word_1_327' title='bbox 1684 2955 1826 3028; x_wconf 73' lang='lat' dir='ltr'><strong>viltulis</strong></span> <span class='ocrx_word' id='word_1_328' title='bbox 1848 2964 1961 3035; x_wconf 82' lang='lat' dir='ltr'><strong>officia</strong></span> <span class='ocrx_word' id='word_1_329' title='bbox 1985 2987 2120 3060; x_wconf 71' lang='lat' dir='ltr'><strong>cogant.</strong></span> 
     </span>
     <span class='ocr_line' id='line_1_29' title="bbox 194 3034 2119 3146; baseline 0.024 -58"><span class='ocrx_word' id='word_1_330' title='bbox 194 3034 325 3088; x_wconf 81' lang='lat' dir='ltr'><strong>seriorem</strong></span> <span class='ocrx_word' id='word_1_331' title='bbox 342 3037 505 3104; x_wconf 82' lang='lat' dir='ltr'><strong>editionem,</strong></span> <span class='ocrx_word' id='word_1_332' title='bbox 522 3057 590 3108; x_wconf 89' lang='lat' dir='ltr'><strong>quae</strong></span> <span class='ocrx_word' id='word_1_333' title='bbox 603 3036 704 3108; x_wconf 85' lang='lat' dir='ltr'><strong>prodiit</strong></span> <span class='ocrx_word' id='word_1_334' title='bbox 718 3035 841 3090; x_wconf 81' lang='lat' dir='ltr'><strong>Witteh.</strong></span> <span class='ocrx_word' id='word_1_335' title='bbox 858 3035 933 3090; x_wconf 82' lang='lat'><strong>1551.</strong></span> <span class='ocrx_word' id='word_1_336' title='bbox 952 3036 977 3089; x_wconf 84' lang='grc'><strong>8.</strong></span> <span class='ocrx_word' id='word_1_337' title='bbox 1133 3043 1185 3116; x_wconf 76' lang='lat' dir='ltr'><strong>Ac</strong></span> <span class='ocrx_word' id='word_1_338' title='bbox 1206 3048 1250 3115; x_wconf 75' lang='lat' dir='ltr'><strong>de</strong></span> <span class='ocrx_word' id='word_1_339' title='bbox 1271 3047 1355 3136; x_wconf 82' lang='lat' dir='ltr'><strong>ipsis</strong></span> <span class='ocrx_word' id='word_1_340' title='bbox 1370 3047 1569 3120; x_wconf 71' lang='lat' dir='ltr'><strong>actionibus</strong></span> <span class='ocrx_word' id='word_1_341' title='bbox 1585 3067 1703 3140; x_wconf 68' lang='lat' dir='ltr'><strong>postea</strong></span> <span class='ocrx_word' id='word_1_342' title='bbox 1719 3058 1820 3146; x_wconf 74' lang='lat' dir='ltr'><strong>plura</strong></span> <span class='ocrx_word' id='word_1_343' title='bbox 1838 3063 1963 3134; x_wconf 77' lang='lat' dir='ltr'><strong>dicam.</strong></span> <span class='ocrx_word' id='word_1_344' title='bbox 2015 3070 2119 3145; x_wconf 80' lang='lat' dir='ltr'><strong>Prius</strong></span> 
     </span>
    </p>
   </div>
   <div class='ocr_carea' id='block_1_9' title="bbox 91 3147 2118 3288">
    <p class='ocr_par' dir='ltr' id='par_1_12' title="bbox 91 3147 2118 3288">
     <span class='ocr_line' id='line_1_30' title="bbox 91 3147 2118 3288; baseline -0.004 -26"><span class='ocrx_word' id='word_1_345' title='bbox 91 3189 317 3263; x_wconf 82' lang='lat' dir='ltr'><strong>Eruditr&#39;one</strong></span> <span class='ocrx_word' id='word_1_346' title='bbox 357 3203 388 3263; x_wconf 82' lang='lat' dir='ltr'><strong>et</strong></span> <span class='ocrx_word' id='word_1_347' title='bbox 428 3193 556 3263; x_wconf 80' lang='lat' dir='ltr'><strong>virtute</strong></span> <span class='ocrx_word' id='word_1_348' title='bbox 592 3192 803 3288; x_wconf 78' lang='lat' dir='ltr'><strong>praestanti</strong></span> <span class='ocrx_word' id='word_1_349' title='bbox 839 3189 868 3263; x_wconf 90' lang='lat' dir='ltr'><em>I</em></span> <span class='ocrx_word' id='word_1_350' title='bbox 872 3189 1080 3266; x_wconf 80' lang='lat' dir='ltr'><strong>oachimo</strong></span> <span class='ocrx_word' id='word_1_351' title='bbox 1132 3147 1228 3216; x_wconf 62' lang='lat' dir='ltr'><strong>enim</strong></span> <span class='ocrx_word' id='word_1_352' title='bbox 1255 3159 1289 3216; x_wconf 57' lang='lat' dir='ltr'><strong>et</strong></span> <span class='ocrx_word' id='word_1_353' title='bbox 1310 3147 1453 3218; x_wconf 48' lang='lat' dir='ltr'><strong>tertium</strong></span> <span class='ocrx_word' id='word_1_354' title='bbox 1475 3173 1606 3220; x_wconf 60' lang='lat' dir='ltr'><strong>‘mmm</strong></span> <span class='ocrx_word' id='word_1_355' title='bbox 1629 3158 1895 3244; x_wconf 45' lang='lat' dir='ltr'><strong>magistratuum</strong></span> <span class='ocrx_word' id='word_1_356' title='bbox 1917 3169 2118 3244; x_wconf 70' lang='lat' dir='ltr'><strong>addfflldum</strong></span> 
     </span>
    </p>
   </div>
   <div class='ocr_carea' id='block_1_10' title="bbox 90 3243 2119 3470">
    <p class='ocr_par' dir='ltr' id='par_1_13' title="bbox 90 3243 2119 3470">
     <span class='ocr_line' id='line_1_31' title="bbox 90 3243 2119 3418; baseline 0.006 -54"><span class='ocrx_word' id='word_1_357' title='bbox 90 3290 147 3364; x_wconf 93' lang='lat' dir='ltr'><em>M</em></span> <span class='ocrx_word' id='word_1_358' title='bbox 155 3291 290 3380; x_wconf 87' lang='lat' dir='ltr'><strong>oller,</strong></span> <span class='ocrx_word' id='word_1_359' title='bbox 315 3292 610 3388; x_wconf 81' lang='lat' dir='ltr'><strong>Hamburgensi‚</strong></span> <span class='ocrx_word' id='word_1_360' title='bbox 635 3294 753 3364; x_wconf 84' lang='lat' dir='ltr'><strong>amico</strong></span> <span class='ocrx_word' id='word_1_361' title='bbox 766 3318 854 3381; x_wconf 82' lang='lat' dir='ltr'><strong>suo,</strong></span> <span class='ocrx_word' id='word_1_362' title='bbox 878 3290 1080 3394; x_wconf 81' lang='lat' dir='ltr'><strong>Philippus</strong></span> <span class='ocrx_word' id='word_1_363' title='bbox 1132 3243 1480 3418; x_wconf 44' lang='grc' dir='ltr'><strong>ἱῗὲῃὸξὲῗεΜ-εῗϋθ</strong></span> <span class='ocrx_word' id='word_1_364' title='bbox 1504 3265 1554 3321; x_wconf 53' lang='lat'><strong>⁸⁸²</strong></span> <span class='ocrx_word' id='word_1_365' title='bbox 1573 3251 1689 3342; x_wconf 66' lang='lat' dir='ltr'>legum</span> <span class='ocrx_word' id='word_1_366' title='bbox 1708 3282 1868 3381; x_wconf 62' lang='lat' dir='ltr'><strong>⁰mn¹i¹m</strong></span> <span class='ocrx_word' id='word_1_367' title='bbox 1883 3266 1921 3334; x_wconf 64' lang='lat' dir='ltr'><strong>in</strong></span> <span class='ocrx_word' id='word_1_368' title='bbox 1937 3275 2039 3341; x_wconf 45' lang='lat' dir='ltr'>⁰¹⁰¹st</span> <span class='ocrx_word' id='word_1_369' title='bbox 2053 3297 2119 3363; x_wconf 57' lang='grc' dir='ltr'><strong>θη·</strong></span> 
     </span>
     <span class='ocr_line' id='line_1_32' title="bbox 410 3368 2118 3470; baseline -0.001 -41"><span class='ocrx_word' id='word_1_370' title='bbox 410 3391 637 3466; x_wconf 50' lang='lat' dir='ltr'><em>Melantho„</em></span> <span class='ocrx_word' id='word_1_371' title='bbox 652 3392 693 3470; x_wconf 46' lang='lat' dir='ltr'><strong>S·</strong></span> <span class='ocrx_word' id='word_1_372' title='bbox 707 3390 761 3468; x_wconf 45' lang='lat' dir='ltr'><strong>D·</strong></span> <span class='ocrx_word' id='word_1_373' title='bbox 1362 3372 1495 3439; x_wconf 75' lang='lat' dir='ltr'><strong>primas</strong></span> <span class='ocrx_word' id='word_1_374' title='bbox 1517 3375 1589 3420; x_wconf 87' lang='lat' dir='ltr'><strong>csse</strong></span> <span class='ocrx_word' id='word_1_375' title='bbox 1604 3377 1681 3436; x_wconf 91' lang='lat' dir='ltr'><strong>eas,</strong></span> <span class='ocrx_word' id='word_1_376' title='bbox 1706 3384 1795 3451; x_wconf 90' lang='lat' dir='ltr'><strong>quae</strong></span> <span class='ocrx_word' id='word_1_377' title='bbox 1811 3388 1849 3431; x_wconf 87' lang='lat' dir='ltr'><strong>rn</strong></span> <span class='ocrx_word' id='word_1_378' title='bbox 1865 3368 2030 3461; x_wconf 89' lang='lat' dir='ltr'><strong>decalogo</strong></span> <span class='ocrx_word' id='word_1_379' title='bbox 2045 3389 2118 3444; x_wconf 60' lang='lat' dir='ltr'><strong>tra.</strong></span> 
     </span>
    </p>
   </div>
   <div class='ocr_carea' id='block_1_11' title="bbox 1133 3450 2232 3558">
    <p class='ocr_par' dir='ltr' id='par_1_14' title="bbox 1133 3450 2232 3558">
     <span class='ocr_line' id='line_1_33' title="bbox 1133 3450 2232 3558; baseline 0.025 -39"><span class='ocrx_word' id='word_1_380' title='bbox 1133 3452 1287 3533; x_wconf 91' lang='lat' dir='ltr'><strong>duntur,</strong></span> <span class='ocrx_word' id='word_1_381' title='bbox 1330 3450 1449 3519; x_wconf 88' lang='lat' dir='ltr'><strong>dextre</strong></span> <span class='ocrx_word' id='word_1_382' title='bbox 1470 3452 1680 3524; x_wconf 89' lang='lat' dir='ltr'><strong>intellectas:</strong></span> <span class='ocrx_word' id='word_1_383' title='bbox 1717 3474 1833 3531; x_wconf 88' lang='lat' dir='ltr'><strong>tamen</strong></span> <span class='ocrx_word' id='word_1_384' title='bbox 1855 3469 2117 3558; x_wconf 87' lang='lat' dir='ltr'><strong>magistratibus</strong></span> <span class='ocrx_word' id='word_1_385' title='bbox 2228 3520 2232 3527; x_wconf 40' lang='grc' dir='ltr'><em>ν</em></span> 
     </span>
    </p>
   </div>
   <div class='ocr_carea' id='block_1_12' title="bbox 54 3525 2118 5444">
    <p class='ocr_par' dir='ltr' id='par_1_15' title="bbox 54 3525 2118 5444">
     <span class='ocr_line' id='line_1_34' title="bbox 91 3525 2118 3660; baseline 0.016 -44"><span class='ocrx_word' id='word_1_386' title='bbox 91 3525 179 3616; x_wconf 85' lang='lat' dir='ltr'><strong>Una</strong></span> <span class='ocrx_word' id='word_1_387' title='bbox 212 3560 264 3616; x_wconf 89' lang='lat' dir='ltr'><strong>est</strong></span> <span class='ocrx_word' id='word_1_388' title='bbox 296 3547 351 3615; x_wconf 88' lang='lat' dir='ltr'><strong>lex</strong></span> <span class='ocrx_word' id='word_1_389' title='bbox 380 3546 564 3637; x_wconf 88' lang='lat' dir='ltr'><strong>praecipua</strong></span> <span class='ocrx_word' id='word_1_390' title='bbox 598 3545 725 3615; x_wconf 84' lang='lat' dir='ltr'><strong>rectrix</strong></span> <span class='ocrx_word' id='word_1_391' title='bbox 755 3545 848 3614; x_wconf 87' lang='lat' dir='ltr'><strong>vitae</strong></span> <span class='ocrx_word' id='word_1_392' title='bbox 882 3539 1080 3630; x_wconf 91' lang='lat' dir='ltr'><strong>hominum,</strong></span> <span class='ocrx_word' id='word_1_393' title='bbox 1132 3551 1230 3620; x_wconf 91' lang='lat' dir='ltr'><strong>dedit</strong></span> <span class='ocrx_word' id='word_1_394' title='bbox 1248 3551 1413 3618; x_wconf 91' lang='lat' dir='ltr'><strong>mandata</strong></span> <span class='ocrx_word' id='word_1_395' title='bbox 1431 3550 1548 3637; x_wconf 90' lang='lat' dir='ltr'><strong>Deus,</strong></span> <span class='ocrx_word' id='word_1_396' title='bbox 1580 3569 1619 3625; x_wconf 89' lang='lat' dir='ltr'><strong>ut</strong></span> <span class='ocrx_word' id='word_1_397' title='bbox 1634 3556 1702 3647; x_wconf 93' lang='lat' dir='ltr'><strong>ipsi</strong></span> <span class='ocrx_word' id='word_1_398' title='bbox 1720 3559 1811 3650; x_wconf 85' lang='lat' dir='ltr'><strong>leges</strong></span> <span class='ocrx_word' id='word_1_399' title='bbox 1824 3565 1958 3660; x_wconf 89' lang='lat' dir='ltr'><strong>aliquas</strong></span> <span class='ocrx_word' id='word_1_400' title='bbox 1973 3576 2118 3659; x_wconf 89' lang='lat' dir='ltr'><strong>addant,</strong></span> 
     </span>
     <span class='ocr_line' id='line_1_35' title="bbox 92 3646 2118 3766; baseline 0.015 -52"><span class='ocrx_word' id='word_1_401' title='bbox 92 3671 182 3742; x_wconf 90' lang='lat' dir='ltr'><strong>quae</strong></span> <span class='ocrx_word' id='word_1_402' title='bbox 212 3660 264 3717; x_wconf 86' lang='lat' dir='ltr'><strong>est</strong></span> <span class='ocrx_word' id='word_1_403' title='bbox 296 3659 437 3715; x_wconf 89' lang='lat' dir='ltr'><strong>aeterna</strong></span> <span class='ocrx_word' id='word_1_404' title='bbox 470 3647 641 3735; x_wconf 88' lang='lat' dir='ltr'><strong>sapientia</strong></span> <span class='ocrx_word' id='word_1_405' title='bbox 671 3646 710 3713; x_wconf 94' lang='lat' dir='ltr'><strong>in</strong></span> <span class='ocrx_word' id='word_1_406' title='bbox 742 3659 859 3714; x_wconf 88' lang='lat' dir='ltr'><strong>mente</strong></span> <span class='ocrx_word' id='word_1_407' title='bbox 888 3647 1010 3716; x_wconf 84' lang='lat' dir='ltr'><strong>divina</strong></span> <span class='ocrx_word' id='word_1_408' title='bbox 1045 3661 1081 3729; x_wconf 83' lang='lat' dir='ltr'><strong>et</strong></span> <span class='ocrx_word' id='word_1_409' title='bbox 1131 3655 1190 3724; x_wconf 89' lang='lat' dir='ltr'><strong>sed</strong></span> <span class='ocrx_word' id='word_1_410' title='bbox 1214 3663 1446 3738; x_wconf 88' lang='lat' dir='ltr'><strong>congruentes</strong></span> <span class='ocrx_word' id='word_1_411' title='bbox 1469 3677 1550 3722; x_wconf 91' lang='lat' dir='ltr'><strong>cum</strong></span> <span class='ocrx_word' id='word_1_412' title='bbox 1569 3656 1753 3748; x_wconf 88' lang='lat' dir='ltr'><strong>decalogo,</strong></span> <span class='ocrx_word' id='word_1_413' title='bbox 1780 3689 1869 3755; x_wconf 90' lang='lat' dir='ltr'><strong>quae</strong></span> <span class='ocrx_word' id='word_1_414' title='bbox 1893 3672 2029 3766; x_wconf 79' lang='lat' dir='ltr'><strong>aliquas</strong></span> <span class='ocrx_word' id='word_1_415' title='bbox 2047 3679 2118 3747; x_wconf 85' lang='lat' dir='ltr'><strong>cir·</strong></span> 
     </span>
     <span class='ocr_line' id='line_1_36' title="bbox 93 3741 2118 3848; baseline 0.016 -30"><span class='ocrx_word' id='word_1_416' title='bbox 93 3749 237 3818; x_wconf 90' lang='lat' dir='ltr'><strong>immota</strong></span> <span class='ocrx_word' id='word_1_417' title='bbox 266 3747 424 3817; x_wconf 90' lang='lat' dir='ltr'><strong>iusticiae</strong></span> <span class='ocrx_word' id='word_1_418' title='bbox 453 3747 593 3835; x_wconf 86' lang='lat' dir='ltr'><strong>regula,</strong></span> <span class='ocrx_word' id='word_1_419' title='bbox 630 3770 737 3838; x_wconf 92' lang='lat' dir='ltr'><strong>quam</strong></span> <span class='ocrx_word' id='word_1_420' title='bbox 766 3758 801 3815; x_wconf 89' lang='lat' dir='ltr'><strong>et</strong></span> <span class='ocrx_word' id='word_1_421' title='bbox 828 3746 865 3813; x_wconf 93' lang='lat' dir='ltr'><strong>in</strong></span> <span class='ocrx_word' id='word_1_422' title='bbox 891 3741 1078 3818; x_wconf 87' lang='lat' dir='ltr'><strong>hominurn</strong></span> <span class='ocrx_word' id='word_1_423' title='bbox 1132 3751 1356 3822; x_wconf 88' lang='lat' dir='ltr'><strong>cumstantias</strong></span> <span class='ocrx_word' id='word_1_424' title='bbox 1370 3764 1431 3820; x_wconf 91' lang='lat' dir='ltr'><strong>aut</strong></span> <span class='ocrx_word' id='word_1_425' title='bbox 1445 3755 1574 3843; x_wconf 87' lang='lat' dir='ltr'><strong>species</strong></span> <span class='ocrx_word' id='word_1_426' title='bbox 1590 3759 1773 3848; x_wconf 85' lang='lat' dir='ltr'><strong>explicent.</strong></span> <span class='ocrx_word' id='word_1_427' title='bbox 1811 3764 1884 3836; x_wconf 90' lang='lat' dir='ltr'><strong>Lex</strong></span> <span class='ocrx_word' id='word_1_428' title='bbox 1899 3773 2021 3848; x_wconf 86' lang='lat' dir='ltr'><strong>divina</strong></span> <span class='ocrx_word' id='word_1_429' title='bbox 2036 3801 2118 3848; x_wconf 82' lang='lat' dir='ltr'><strong>san-</strong></span> 
     </span>
     <span class='ocr_line' id='line_1_37' title="bbox 92 3847 2117 3959; baseline 0.012 -41"><span class='ocrx_word' id='word_1_430' title='bbox 92 3851 347 3920; x_wconf 64' lang='lat' dir='ltr'><strong>mentesanus</strong></span> <span class='ocrx_word' id='word_1_431' title='bbox 366 3847 575 3930; x_wconf 82' lang='lat' dir='ltr'><strong>transfudit,</strong></span> <span class='ocrx_word' id='word_1_432' title='bbox 605 3859 640 3914; x_wconf 90' lang='lat' dir='ltr'><strong>et</strong></span> <span class='ocrx_word' id='word_1_433' title='bbox 662 3848 776 3915; x_wconf 90' lang='lat' dir='ltr'><strong>lucem</strong></span> <span class='ocrx_word' id='word_1_434' title='bbox 795 3870 868 3914; x_wconf 89' lang='lat' dir='ltr'><strong>esse</strong></span> <span class='ocrx_word' id='word_1_435' title='bbox 883 3847 997 3918; x_wconf 88' lang='lat' dir='ltr'><strong>voluit</strong></span> <span class='ocrx_word' id='word_1_436' title='bbox 1011 3873 1079 3919; x_wconf 87' lang='lat' dir='ltr'><strong>no·</strong></span> <span class='ocrx_word' id='word_1_437' title='bbox 1131 3855 1179 3925; x_wconf 89' lang='lat' dir='ltr'><strong>eit</strong></span> <span class='ocrx_word' id='word_1_438' title='bbox 1193 3855 1232 3921; x_wconf 90' lang='lat' dir='ltr'><strong>in</strong></span> <span class='ocrx_word' id='word_1_439' title='bbox 1247 3874 1372 3941; x_wconf 86' lang='lat' dir='ltr'><strong>genere</strong></span> <span class='ocrx_word' id='word_1_440' title='bbox 1389 3853 1653 3926; x_wconf 90' lang='lat' dir='ltr'><strong>distinctionem</strong></span> <span class='ocrx_word' id='word_1_441' title='bbox 1670 3862 1930 3959; x_wconf 89' lang='lat' dir='ltr'><strong>dominiorum,</strong></span> <span class='ocrx_word' id='word_1_442' title='bbox 1956 3901 2036 3953; x_wconf 83' lang='lat' dir='ltr'><strong>eum</strong></span> <span class='ocrx_word' id='word_1_443' title='bbox 2052 3881 2117 3950; x_wconf 76' lang='lat' dir='ltr'><strong>ait:</strong></span> 
     </span>
     <span class='ocr_line' id='line_1_38' title="bbox 91 3946 2117 4071; baseline 0.014 -49"><span class='ocrx_word' id='word_1_444' title='bbox 91 3952 228 4022; x_wconf 85' lang='lat' dir='ltr'><strong>hiscum</strong></span> <span class='ocrx_word' id='word_1_445' title='bbox 243 3964 462 4034; x_wconf 90' lang='lat' dir='ltr'><strong>nascentem,</strong></span> <span class='ocrx_word' id='word_1_446' title='bbox 488 3962 522 4018; x_wconf 90' lang='lat' dir='ltr'><strong>et</strong></span> <span class='ocrx_word' id='word_1_447' title='bbox 535 3961 654 4041; x_wconf 87' lang='lat' dir='ltr'><strong>postea</strong></span> <span class='ocrx_word' id='word_1_448' title='bbox 669 3949 713 4016; x_wconf 91' lang='lat' dir='ltr'><strong>de</strong></span> <span class='ocrx_word' id='word_1_449' title='bbox 731 3971 819 4037; x_wconf 89' lang='lat' dir='ltr'><strong>rupe</strong></span> <span class='ocrx_word' id='word_1_450' title='bbox 831 3946 977 4018; x_wconf 88' lang='lat' dir='ltr'><strong>Sinaide</strong></span> <span class='ocrx_word' id='word_1_451' title='bbox 994 3950 1079 4020; x_wconf 91' lang='lat' dir='ltr'><strong>illu·</strong></span> <span class='ocrx_word' id='word_1_452' title='bbox 1130 3954 1212 4024; x_wconf 91' lang='lat' dir='ltr'><strong>Non</strong></span> <span class='ocrx_word' id='word_1_453' title='bbox 1225 3952 1407 4021; x_wconf 84' lang='lat' dir='ltr'><strong>furaberis.</strong></span> <span class='ocrx_word' id='word_1_454' title='bbox 1459 3949 1528 4024; x_wconf 83' lang='lat' dir='ltr'><strong>llic</strong></span> <span class='ocrx_word' id='word_1_455' title='bbox 1542 3958 1720 4057; x_wconf 74' lang='lat' dir='ltr'><strong>legislator</strong></span> <span class='ocrx_word' id='word_1_456' title='bbox 1734 3969 1858 4038; x_wconf 92' lang='lat' dir='ltr'><strong>modos</strong></span> <span class='ocrx_word' id='word_1_457' title='bbox 1873 3975 2011 4062; x_wconf 88' lang='lat' dir='ltr'><strong>recitat,</strong></span> <span class='ocrx_word' id='word_1_458' title='bbox 2036 3981 2117 4071; x_wconf 82' lang='lat' dir='ltr'><strong>qui-</strong></span> 
     </span>
     <span class='ocr_line' id='line_1_39' title="bbox 92 4049 2117 4155; baseline 0.007 -30"><span class='ocrx_word' id='word_1_459' title='bbox 92 4054 156 4125; x_wconf 86' lang='lat' dir='ltr'><strong>stri</strong></span> <span class='ocrx_word' id='word_1_460' title='bbox 171 4052 372 4123; x_wconf 90' lang='lat' dir='ltr'><strong>testimonio</strong></span> <span class='ocrx_word' id='word_1_461' title='bbox 387 4050 636 4140; x_wconf 90' lang='lat' dir='ltr'><strong>promulgavit,</strong></span> <span class='ocrx_word' id='word_1_462' title='bbox 658 4062 698 4118; x_wconf 90' lang='lat' dir='ltr'><strong>ut</strong></span> <span class='ocrx_word' id='word_1_463' title='bbox 714 4049 880 4117; x_wconf 89' lang='lat' dir='ltr'><strong>sciremus</strong></span> <span class='ocrx_word' id='word_1_464' title='bbox 896 4073 971 4118; x_wconf 90' lang='lat' dir='ltr'><strong>eam</strong></span> <span class='ocrx_word' id='word_1_465' title='bbox 985 4052 1078 4121; x_wconf 90' lang='lat' dir='ltr'><strong>vitae</strong></span> <span class='ocrx_word' id='word_1_466' title='bbox 1131 4058 1197 4126; x_wconf 90' lang='lat' dir='ltr'><strong>bus</strong></span> <span class='ocrx_word' id='word_1_467' title='bbox 1220 4077 1276 4122; x_wconf 90' lang='lat' dir='ltr'><strong>res</strong></span> <span class='ocrx_word' id='word_1_468' title='bbox 1298 4053 1338 4123; x_wconf 88' lang='lat' dir='ltr'><strong>fit</strong></span> <span class='ocrx_word' id='word_1_469' title='bbox 1359 4054 1636 4151; x_wconf 88' lang='lat' dir='ltr'><strong>uniuscuiusque</strong></span> <span class='ocrx_word' id='word_1_470' title='bbox 1659 4067 1818 4155; x_wconf 90' lang='lat' dir='ltr'><strong>propria,</strong></span> <span class='ocrx_word' id='word_1_471' title='bbox 1858 4079 2010 4148; x_wconf 74' lang='lat' dir='ltr'><strong>ostendit</strong></span> <span class='ocrx_word' id='word_1_472' title='bbox 2031 4105 2117 4149; x_wconf 86' lang='lat' dir='ltr'><strong>con-</strong></span> 
     </span>
     <span class='ocr_line' id='line_1_40' title="bbox 91 4146 2114 4263; baseline 0.012 -37"><span class='ocrx_word' id='word_1_473' title='bbox 91 4178 254 4226; x_wconf 89' lang='lat' dir='ltr'><strong>normam</strong></span> <span class='ocrx_word' id='word_1_474' title='bbox 267 4178 348 4223; x_wconf 86' lang='lat' dir='ltr'><strong>vere</strong></span> <span class='ocrx_word' id='word_1_475' title='bbox 362 4153 521 4220; x_wconf 88' lang='lat' dir='ltr'><strong>divinam</strong></span> <span class='ocrx_word' id='word_1_476' title='bbox 537 4173 620 4222; x_wconf 89' lang='lat' dir='ltr'><strong>esse.</strong></span> <span class='ocrx_word' id='word_1_477' title='bbox 664 4146 740 4219; x_wconf 93' lang='lat' dir='ltr'><strong>Hac</strong></span> <span class='ocrx_word' id='word_1_478' title='bbox 753 4149 827 4238; x_wconf 89' lang='lat' dir='ltr'><strong>lege</strong></span> <span class='ocrx_word' id='word_1_479' title='bbox 840 4157 919 4219; x_wconf 90' lang='lat' dir='ltr'><strong>cu&#39;m</strong></span> <span class='ocrx_word' id='word_1_480' title='bbox 934 4153 1009 4241; x_wconf 88' lang='lat' dir='ltr'><strong>regi</strong></span> <span class='ocrx_word' id='word_1_481' title='bbox 1023 4153 1078 4220; x_wconf 87' lang='lat' dir='ltr'><strong>vi·</strong></span> <span class='ocrx_word' id='word_1_482' title='bbox 1129 4169 1307 4227; x_wconf 90' lang='lat' dir='ltr'><strong>tractuum</strong></span> <span class='ocrx_word' id='word_1_483' title='bbox 1338 4154 1487 4242; x_wconf 84' lang='lat' dir='ltr'><strong>formas,</strong></span> <span class='ocrx_word' id='word_1_484' title='bbox 1525 4172 1559 4227; x_wconf 89' lang='lat' dir='ltr'><strong>et</strong></span> <span class='ocrx_word' id='word_1_485' title='bbox 1590 4166 1733 4252; x_wconf 88' lang='lat' dir='ltr'><strong>quando</strong></span> <span class='ocrx_word' id='word_1_486' title='bbox 1760 4171 2030 4246; x_wconf 88' lang='lat' dir='ltr'><strong>existimandum</strong></span> <span class='ocrx_word' id='word_1_487' title='bbox 2058 4182 2114 4263; x_wconf 91' lang='lat' dir='ltr'><strong>sit,</strong></span> 
     </span>
     <span class='ocr_line' id='line_1_41' title="bbox 91 4251 2115 4367; baseline 0.012 -39"><span class='ocrx_word' id='word_1_488' title='bbox 91 4271 163 4329; x_wconf 86' lang='lat' dir='ltr'><strong>tam</strong></span> <span class='ocrx_word' id='word_1_489' title='bbox 189 4257 290 4326; x_wconf 90' lang='lat' dir='ltr'><strong>Deus</strong></span> <span class='ocrx_word' id='word_1_490' title='bbox 319 4254 421 4337; x_wconf 89' lang='lat' dir='ltr'><strong>velit,</strong></span> <span class='ocrx_word' id='word_1_491' title='bbox 462 4275 551 4345; x_wconf 89' lang='lat' dir='ltr'><strong>quac</strong></span> <span class='ocrx_word' id='word_1_492' title='bbox 575 4263 701 4321; x_wconf 89' lang='lat' dir='ltr'><strong>natura</strong></span> <span class='ocrx_word' id='word_1_493' title='bbox 728 4251 824 4320; x_wconf 90' lang='lat' dir='ltr'><strong>lucet</strong></span> <span class='ocrx_word' id='word_1_494' title='bbox 851 4251 889 4318; x_wconf 94' lang='lat' dir='ltr'><strong>in</strong></span> <span class='ocrx_word' id='word_1_495' title='bbox 917 4253 1076 4323; x_wconf 91' lang='lat' dir='ltr'><strong>omnium</strong></span> <span class='ocrx_word' id='word_1_496' title='bbox 1128 4257 1322 4349; x_wconf 82' lang='lat' dir='ltr'><strong>perlectum</strong></span> <span class='ocrx_word' id='word_1_497' title='bbox 1341 4276 1414 4325; x_wconf 89' lang='lat' dir='ltr'><strong>esse</strong></span> <span class='ocrx_word' id='word_1_498' title='bbox 1436 4271 1671 4350; x_wconf 88' lang='lat' dir='ltr'><strong>contractum,</strong></span> <span class='ocrx_word' id='word_1_499' title='bbox 1696 4272 1838 4359; x_wconf 86' lang='lat' dir='ltr'><strong>quando</strong></span> <span class='ocrx_word' id='word_1_500' title='bbox 1862 4274 2115 4367; x_wconf 82' lang='lat' dir='ltr'><strong>imperfectum.</strong></span> 
     </span>
     <span class='ocr_line' id='line_1_42' title="bbox 91 4351 2116 4458; baseline 0.012 -29"><span class='ocrx_word' id='word_1_501' title='bbox 91 4359 290 4435; x_wconf 85' lang='lat' dir='ltr'><strong>mentibus,</strong></span> <span class='ocrx_word' id='word_1_502' title='bbox 326 4355 448 4448; x_wconf 88' lang='lat' dir='ltr'><strong>quaeri</strong></span> <span class='ocrx_word' id='word_1_503' title='bbox 475 4355 564 4422; x_wconf 92' lang='lat' dir='ltr'><strong>solet</strong></span> <span class='ocrx_word' id='word_1_504' title='bbox 590 4354 633 4420; x_wconf 90' lang='lat' dir='ltr'><strong>de</strong></span> <span class='ocrx_word' id='word_1_505' title='bbox 659 4351 924 4441; x_wconf 86' lang='lat' dir='ltr'><strong>magistratuum</strong></span> <span class='ocrx_word' id='word_1_506' title='bbox 950 4354 1077 4429; x_wconf 86' lang='lat' dir='ltr'><strong>officio.</strong></span> <span class='ocrx_word' id='word_1_507' title='bbox 1129 4357 1173 4428; x_wconf 95' lang='lat' dir='ltr'><strong>ln</strong></span> <span class='ocrx_word' id='word_1_508' title='bbox 1197 4357 1327 4450; x_wconf 86' lang='lat' dir='ltr'><strong>quibus</strong></span> <span class='ocrx_word' id='word_1_509' title='bbox 1343 4357 1634 4447; x_wconf 85' lang='lat' dir='ltr'><strong>explicationibus</strong></span> <span class='ocrx_word' id='word_1_510' title='bbox 1649 4369 1742 4436; x_wconf 90' lang='lat' dir='ltr'><strong>valet</strong></span> <span class='ocrx_word' id='word_1_511' title='bbox 1756 4373 2021 4458; x_wconf 84' lang='lat' dir='ltr'><strong>magistratuum</strong></span> <span class='ocrx_word' id='word_1_512' title='bbox 2036 4405 2116 4452; x_wconf 86' lang='lat' dir='ltr'><strong>sen-</strong></span> 
     </span>
     <span class='ocr_line' id='line_1_43' title="bbox 90 4452 2113 4574; baseline 0.011 -43"><span class='ocrx_word' id='word_1_513' title='bbox 90 4457 183 4532; x_wconf 88' lang='lat' dir='ltr'><strong>Cum</strong></span> <span class='ocrx_word' id='word_1_514' title='bbox 213 4456 309 4528; x_wconf 90' lang='lat' dir='ltr'><strong>enim</strong></span> <span class='ocrx_word' id='word_1_515' title='bbox 338 4458 393 4524; x_wconf 89' lang='lat' dir='ltr'><strong>lex</strong></span> <span class='ocrx_word' id='word_1_516' title='bbox 422 4468 524 4525; x_wconf 91' lang='lat' dir='ltr'><strong>antea</strong></span> <span class='ocrx_word' id='word_1_517' title='bbox 545 4453 717 4522; x_wconf 90' lang='lat' dir='ltr'><strong>divinitus</strong></span> <span class='ocrx_word' id='word_1_518' title='bbox 739 4452 810 4522; x_wconf 90' lang='lat' dir='ltr'><strong>lata</strong></span> <span class='ocrx_word' id='word_1_519' title='bbox 831 4453 895 4537; x_wconf 89' lang='lat' dir='ltr'><strong>sit,</strong></span> <span class='ocrx_word' id='word_1_520' title='bbox 931 4466 965 4522; x_wconf 88' lang='lat' dir='ltr'><strong>et</strong></span> <span class='ocrx_word' id='word_1_521' title='bbox 986 4456 1076 4523; x_wconf 88' lang='lat' dir='ltr'><strong>ferre</strong></span> <span class='ocrx_word' id='word_1_522' title='bbox 1128 4458 1239 4530; x_wconf 86' lang='lat' dir='ltr'><strong>tentia</strong></span> <span class='ocrx_word' id='word_1_523' title='bbox 1261 4469 1295 4526; x_wconf 91' lang='lat' dir='ltr'><strong>et</strong></span> <span class='ocrx_word' id='word_1_524' title='bbox 1315 4471 1461 4550; x_wconf 87' lang='lat' dir='ltr'><strong>propter</strong></span> <span class='ocrx_word' id='word_1_525' title='bbox 1479 4461 1652 4533; x_wconf 90' lang='lat' dir='ltr'><strong>rationem</strong></span> <span class='ocrx_word' id='word_1_526' title='bbox 1679 4470 1916 4562; x_wconf 87' lang='lat' dir='ltr'><strong>probabilem,</strong></span> <span class='ocrx_word' id='word_1_527' title='bbox 1947 4480 2113 4574; x_wconf 87' lang='lat' dir='ltr'><strong>decalogo</strong></span> 
     </span>
     <span class='ocr_line' id='line_1_44' title="bbox 90 4554 2114 4671; baseline 0.008 -42"><span class='ocrx_word' id='word_1_528' title='bbox 90 4561 177 4632; x_wconf 89' lang='lat' dir='ltr'><strong>alias</strong></span> <span class='ocrx_word' id='word_1_529' title='bbox 204 4558 449 4629; x_wconf 87' lang='lat' dir='ltr'><strong>dissentientes</strong></span> <span class='ocrx_word' id='word_1_530' title='bbox 473 4555 632 4625; x_wconf 90' lang='lat' dir='ltr'><strong>omnium</strong></span> <span class='ocrx_word' id='word_1_531' title='bbox 655 4554 824 4623; x_wconf 88' lang='lat' dir='ltr'><strong>scelerum</strong></span> <span class='ocrx_word' id='word_1_532' title='bbox 846 4568 1078 4639; x_wconf 80' lang='lat' dir='ltr'><strong>summumst</strong></span> <span class='ocrx_word' id='word_1_533' title='bbox 1128 4571 1393 4648; x_wconf 85' lang='lat' dir='ltr'><strong>congruentem,</strong></span> <span class='ocrx_word' id='word_1_534' title='bbox 1414 4573 1448 4630; x_wconf 89' lang='lat' dir='ltr'><strong>et</strong></span> <span class='ocrx_word' id='word_1_535' title='bbox 1463 4577 1607 4653; x_wconf 90' lang='lat' dir='ltr'><strong>propter</strong></span> <span class='ocrx_word' id='word_1_536' title='bbox 1619 4568 1872 4663; x_wconf 85' lang='lat' dir='ltr'><strong>auctoritatem,</strong></span> <span class='ocrx_word' id='word_1_537' title='bbox 1894 4602 2000 4671; x_wconf 76' lang='lat' dir='ltr'><strong>quam</strong></span> <span class='ocrx_word' id='word_1_538' title='bbox 2014 4584 2114 4655; x_wconf 73' lang='lat' dir='ltr'><strong>Deus</strong></span> 
     </span>
     <span class='ocr_line' id='line_1_45' title="bbox 89 4652 2115 4759; baseline 0.011 -24"><span class='ocrx_word' id='word_1_539' title='bbox 89 4660 351 4735; x_wconf 88' lang='lat' dir='ltr'><strong>atrocissimum</strong></span> <span class='ocrx_word' id='word_1_540' title='bbox 365 4658 419 4741; x_wconf 83' lang='lat' dir='ltr'><strong>sit,</strong></span> <span class='ocrx_word' id='word_1_541' title='bbox 435 4672 470 4728; x_wconf 89' lang='lat' dir='ltr'><strong>et</strong></span> <span class='ocrx_word' id='word_1_542' title='bbox 482 4652 567 4726; x_wconf 90' lang='lat' dir='ltr'><strong>haec</strong></span> <span class='ocrx_word' id='word_1_543' title='bbox 582 4657 656 4748; x_wconf 89' lang='lat' dir='ltr'><strong>ipsa</strong></span> <span class='ocrx_word' id='word_1_544' title='bbox 670 4655 789 4724; x_wconf 89' lang='lat' dir='ltr'><strong>divina</strong></span> <span class='ocrx_word' id='word_1_545' title='bbox 804 4669 888 4726; x_wconf 89' lang='lat' dir='ltr'><strong>nota</strong></span> <span class='ocrx_word' id='word_1_546' title='bbox 902 4655 947 4724; x_wconf 89' lang='lat' dir='ltr'><strong>sit</strong></span> <span class='ocrx_word' id='word_1_547' title='bbox 961 4652 1079 4725; x_wconf 88' lang='lat' dir='ltr'><strong>omui-</strong></span> <span class='ocrx_word' id='word_1_548' title='bbox 1128 4659 1348 4749; x_wconf 90' lang='lat' dir='ltr'><strong>magistratui</strong></span> <span class='ocrx_word' id='word_1_549' title='bbox 1369 4663 1550 4747; x_wconf 90' lang='lat' dir='ltr'><strong>attribuit,</strong></span> <span class='ocrx_word' id='word_1_550' title='bbox 1583 4688 1687 4757; x_wconf 88' lang='lat' dir='ltr'><strong>quem</strong></span> <span class='ocrx_word' id='word_1_551' title='bbox 1710 4669 1811 4742; x_wconf 89' lang='lat' dir='ltr'><strong>iussit</strong></span> <span class='ocrx_word' id='word_1_552' title='bbox 1832 4676 1961 4750; x_wconf 87' lang='lat' dir='ltr'><strong>addere</strong></span> <span class='ocrx_word' id='word_1_553' title='bbox 1988 4683 2026 4752; x_wconf 90' lang='lat' dir='ltr'><strong>in</strong></span> <span class='ocrx_word' id='word_1_554' title='bbox 2048 4680 2115 4759; x_wconf 92' lang='lat' dir='ltr'><strong>hac</strong></span> 
     </span>
     <span class='ocr_line' id='line_1_46' title="bbox 54 4752 2113 4856; baseline 0.014 -28"><span class='ocrx_word' id='word_1_555' title='bbox 54 4774 57 4779; x_wconf 83' lang='lat'>&#39;</span> <span class='ocrx_word' id='word_1_556' title='bbox 88 4765 170 4849; x_wconf 84' lang='lat' dir='ltr'><strong>bus,</strong></span> <span class='ocrx_word' id='word_1_557' title='bbox 190 4762 275 4856; x_wconf 83' lang='lat' dir='ltr'><strong>quid</strong></span> <span class='ocrx_word' id='word_1_558' title='bbox 294 4773 404 4850; x_wconf 90' lang='lat' dir='ltr'><strong>agunt</strong></span> <span class='ocrx_word' id='word_1_559' title='bbox 413 4759 457 4827; x_wconf 92' lang='lat' dir='ltr'><strong>in</strong></span> <span class='ocrx_word' id='word_1_560' title='bbox 471 4780 556 4850; x_wconf 90' lang='lat' dir='ltr'><strong>pace</strong></span> <span class='ocrx_word' id='word_1_561' title='bbox 571 4752 748 4826; x_wconf 90' lang='lat' dir='ltr'><strong>humanae</strong></span> <span class='ocrx_word' id='word_1_562' title='bbox 761 4756 935 4827; x_wconf 88' lang='lat' dir='ltr'><strong>societatis</strong></span> <span class='ocrx_word' id='word_1_563' title='bbox 950 4756 1080 4846; x_wconf 72' lang='lat' dir='ltr'><strong>guber·</strong></span> <span class='ocrx_word' id='word_1_564' title='bbox 1118 4760 1226 4839; x_wconf 70' lang='lat' dir='ltr'><strong>,civili</strong></span> <span class='ocrx_word' id='word_1_565' title='bbox 1239 4760 1311 4829; x_wconf 87' lang='lat' dir='ltr'><strong>vita</strong></span> <span class='ocrx_word' id='word_1_566' title='bbox 1325 4773 1402 4829; x_wconf 91' lang='lat' dir='ltr'><strong>tum</strong></span> <span class='ocrx_word' id='word_1_567' title='bbox 1417 4761 1674 4852; x_wconf 88' lang='lat' dir='ltr'><strong>explicationes,</strong></span> <span class='ocrx_word' id='word_1_568' title='bbox 1698 4781 1773 4839; x_wconf 88' lang='lat' dir='ltr'><strong>tum</strong></span> <span class='ocrx_word' id='word_1_569' title='bbox 1789 4776 2003 4853; x_wconf 87' lang='lat' dir='ltr'><strong>adminicula</strong></span> <span class='ocrx_word' id='word_1_570' title='bbox 2018 4787 2113 4856; x_wconf 87' lang='lat' dir='ltr'><strong>divi-</strong></span> 
     </span>
     <span class='ocr_line' id='line_1_47' title="bbox 87 4857 2114 4972; baseline 0.01 -35"><span class='ocrx_word' id='word_1_571' title='bbox 87 4865 255 4937; x_wconf 76' lang='lat' dir='ltr'><strong>natores?</strong></span> <span class='ocrx_word' id='word_1_572' title='bbox 279 4860 330 4931; x_wconf 90' lang='lat' dir='ltr'><strong>lli</strong></span> <span class='ocrx_word' id='word_1_573' title='bbox 346 4885 429 4931; x_wconf 87' lang='lat' dir='ltr'><strong>vero</strong></span> <span class='ocrx_word' id='word_1_574' title='bbox 445 4861 512 4930; x_wconf 94' lang='lat' dir='ltr'><strong>tria</strong></span> <span class='ocrx_word' id='word_1_575' title='bbox 526 4882 673 4927; x_wconf 88' lang='lat' dir='ltr'><strong>munera</strong></span> <span class='ocrx_word' id='word_1_576' title='bbox 689 4860 792 4947; x_wconf 90' lang='lat' dir='ltr'><strong>plena</strong></span> <span class='ocrx_word' id='word_1_577' title='bbox 808 4857 1078 4947; x_wconf 88' lang='lat' dir='ltr'><strong>dignitatissus-</strong></span> <span class='ocrx_word' id='word_1_578' title='bbox 1129 4884 1256 4932; x_wconf 89' lang='lat' dir='ltr'><strong>narum</strong></span> <span class='ocrx_word' id='word_1_579' title='bbox 1278 4861 1407 4949; x_wconf 89' lang='lat' dir='ltr'><strong>legum.</strong></span> <span class='ocrx_word' id='word_1_580' title='bbox 1457 4861 1549 4932; x_wconf 88' lang='lat' dir='ltr'><strong>Sunt</strong></span> <span class='ocrx_word' id='word_1_581' title='bbox 1570 4879 1686 4936; x_wconf 91' lang='lat' dir='ltr'><strong>autem</strong></span> <span class='ocrx_word' id='word_1_582' title='bbox 1706 4885 1740 4940; x_wconf 90' lang='lat' dir='ltr'><strong>et</strong></span> <span class='ocrx_word' id='word_1_583' title='bbox 1764 4868 1889 4946; x_wconf 90' lang='lat' dir='ltr'><strong>harum</strong></span> <span class='ocrx_word' id='word_1_584' title='bbox 1911 4884 2114 4972; x_wconf 83' lang='lat' dir='ltr'><strong>explicatio-</strong></span> 
     </span>
     <span class='ocr_line' id='line_1_48' title="bbox 87 4955 2114 5064; baseline 0.014 -34"><span class='ocrx_word' id='word_1_585' title='bbox 87 4966 218 5039; x_wconf 78' lang='lat' dir='ltr'><strong>tinent.</strong></span> <span class='ocrx_word' id='word_1_586' title='bbox 284 4961 448 5032; x_wconf 90' lang='lat' dir='ltr'><strong>Primum</strong></span> <span class='ocrx_word' id='word_1_587' title='bbox 470 4955 577 5030; x_wconf 90' lang='lat' dir='ltr'><strong>huius</strong></span> <span class='ocrx_word' id='word_1_588' title='bbox 598 4959 709 5050; x_wconf 89' lang='lat' dir='ltr'><strong>ipsius</strong></span> <span class='ocrx_word' id='word_1_589' title='bbox 729 4958 864 5050; x_wconf 90' lang='lat' dir='ltr'><strong>primae</strong></span> <span class='ocrx_word' id='word_1_590' title='bbox 887 4960 1076 5051; x_wconf 80' lang='lat' dir='ltr'><strong>etpraeci-</strong></span> <span class='ocrx_word' id='word_1_591' title='bbox 1129 4986 1237 5046; x_wconf 87' lang='lat' dir='ltr'><strong>num,</strong></span> <span class='ocrx_word' id='word_1_592' title='bbox 1264 4984 1351 5054; x_wconf 89' lang='lat' dir='ltr'><strong>quas</strong></span> <span class='ocrx_word' id='word_1_593' title='bbox 1372 4963 1593 5052; x_wconf 88' lang='lat' dir='ltr'><strong>magistratus</strong></span> <span class='ocrx_word' id='word_1_594' title='bbox 1611 4969 1725 5052; x_wconf 91' lang='lat' dir='ltr'><strong>addit,</strong></span> <span class='ocrx_word' id='word_1_595' title='bbox 1755 4979 1929 5064; x_wconf 89' lang='lat' dir='ltr'><strong>praesidia</strong></span> <span class='ocrx_word' id='word_1_596' title='bbox 1949 4986 2114 5062; x_wconf 77' lang='lat' dir='ltr'><strong>actiones.</strong></span> 
     </span>
     <span class='ocr_line' id='line_1_49' title="bbox 87 5057 2113 5162; baseline 0.011 -24"><span class='ocrx_word' id='word_1_597' title='bbox 87 5092 182 5162; x_wconf 92' lang='lat' dir='ltr'><strong>puae</strong></span> <span class='ocrx_word' id='word_1_598' title='bbox 194 5065 488 5158; x_wconf 74' lang='lat' dir='ltr'><strong>legis,‚uidelicet</strong></span> <span class='ocrx_word' id='word_1_599' title='bbox 501 5057 688 5149; x_wconf 90' lang='lat' dir='ltr'><strong>Decalogi,</strong></span> <span class='ocrx_word' id='word_1_600' title='bbox 712 5084 834 5130; x_wconf 85' lang='lat' dir='ltr'><strong>vocem</strong></span> <span class='ocrx_word' id='word_1_601' title='bbox 849 5083 908 5132; x_wconf 89' lang='lat' dir='ltr'><strong>eos</strong></span> <span class='ocrx_word' id='word_1_602' title='bbox 925 5069 1075 5131; x_wconf 82' lang='lat' dir='ltr'><strong>esse&#39;ne-</strong></span> <span class='ocrx_word' id='word_1_603' title='bbox 1128 5064 1273 5134; x_wconf 83' lang='lat' dir='ltr'><strong>Frustra</strong></span> <span class='ocrx_word' id='word_1_604' title='bbox 1296 5061 1391 5130; x_wconf 90' lang='lat' dir='ltr'><strong>enim</strong></span> <span class='ocrx_word' id='word_1_605' title='bbox 1413 5063 1592 5151; x_wconf 86' lang='lat' dir='ltr'><strong>legislator</strong></span> <span class='ocrx_word' id='word_1_606' title='bbox 1612 5073 1792 5162; x_wconf 84' lang='lat' dir='ltr'><strong>aequalem</strong></span> <span class='ocrx_word' id='word_1_607' title='bbox 1813 5072 2018 5155; x_wconf 88' lang='lat' dir='ltr'><strong>hereditatis</strong></span> <span class='ocrx_word' id='word_1_608' title='bbox 2037 5089 2113 5159; x_wconf 69' lang='lat' dir='ltr'><strong>dis·</strong></span> 
     </span>
     <span class='ocr_line' id='line_1_50' title="bbox 88 5160 2113 5270; baseline 0.005 -28"><span class='ocrx_word' id='word_1_609' title='bbox 88 5191 182 5242; x_wconf 85' lang='lat' dir='ltr'><strong>cesse</strong></span> <span class='ocrx_word' id='word_1_610' title='bbox 206 5181 269 5242; x_wconf 86' lang='lat' dir='ltr'><strong>est.</strong></span> <span class='ocrx_word' id='word_1_611' title='bbox 327 5160 406 5237; x_wconf 68' lang='lat' dir='ltr'><strong>Etsi</strong></span> <span class='ocrx_word' id='word_1_612' title='bbox 429 5163 525 5234; x_wconf 91' lang='lat' dir='ltr'><strong>enim</strong></span> <span class='ocrx_word' id='word_1_613' title='bbox 549 5175 674 5232; x_wconf 89' lang='lat' dir='ltr'><strong>natura</strong></span> <span class='ocrx_word' id='word_1_614' title='bbox 697 5163 790 5232; x_wconf 90' lang='lat' dir='ltr'><strong>lucet</strong></span> <span class='ocrx_word' id='word_1_615' title='bbox 819 5161 857 5231; x_wconf 90' lang='lat' dir='ltr'><strong>in</strong></span> <span class='ocrx_word' id='word_1_616' title='bbox 885 5163 1074 5247; x_wconf 89' lang='lat' dir='ltr'><strong>mentibus,</strong></span> <span class='ocrx_word' id='word_1_617' title='bbox 1127 5163 1356 5236; x_wconf 88' lang='lat' dir='ltr'><strong>tributionem</strong></span> <span class='ocrx_word' id='word_1_618' title='bbox 1371 5164 1489 5234; x_wconf 80' lang='lat' dir='ltr'><strong>verbis</strong></span> <span class='ocrx_word' id='word_1_619' title='bbox 1505 5169 1765 5260; x_wconf 83' lang='lat' dir='ltr'><strong>praescriberet,</strong></span> <span class='ocrx_word' id='word_1_620' title='bbox 1784 5178 1814 5247; x_wconf 93' lang='lat' dir='ltr'><strong>si</strong></span> <span class='ocrx_word' id='word_1_621' title='bbox 1827 5196 1945 5270; x_wconf 87' lang='lat' dir='ltr'><strong>postea</strong></span> <span class='ocrx_word' id='word_1_622' title='bbox 1962 5209 2035 5255; x_wconf 89' lang='lat' dir='ltr'><strong>non</strong></span> <span class='ocrx_word' id='word_1_623' title='bbox 2051 5190 2113 5259; x_wconf 79' lang='lat' dir='ltr'><strong>de.</strong></span> 
     </span>
     <span class='ocr_line' id='line_1_51' title="bbox 85 5261 2112 5378; baseline 0.006 -36"><span class='ocrx_word' id='word_1_624' title='bbox 85 5286 207 5344; x_wconf 82' lang='lat' dir='ltr'><strong>tamen</strong></span> <span class='ocrx_word' id='word_1_625' title='bbox 229 5268 324 5339; x_wconf 89' lang='lat' dir='ltr'><strong>illal</strong></span> <span class='ocrx_word' id='word_1_626' title='bbox 378 5290 459 5335; x_wconf 49' lang='lat' dir='ltr'><strong>rrae</strong></span> <span class='ocrx_word' id='word_1_627' title='bbox 480 5266 541 5334; x_wconf 86' lang='lat' dir='ltr'><strong>lux</strong></span> <span class='ocrx_word' id='word_1_628' title='bbox 560 5264 720 5335; x_wconf 91' lang='lat' dir='ltr'><strong>doctrina</strong></span> <span class='ocrx_word' id='word_1_629' title='bbox 740 5277 777 5335; x_wconf 87' lang='lat' dir='ltr'><strong>et</strong></span> <span class='ocrx_word' id='word_1_630' title='bbox 791 5287 876 5334; x_wconf 87' lang='lat' dir='ltr'><strong>voce</strong></span> <span class='ocrx_word' id='word_1_631' title='bbox 893 5264 1075 5353; x_wconf 88' lang='lat' dir='ltr'><strong>magistra·</strong></span> <span class='ocrx_word' id='word_1_632' title='bbox 1125 5267 1286 5336; x_wconf 88' lang='lat' dir='ltr'><strong>senderet</strong></span> <span class='ocrx_word' id='word_1_633' title='bbox 1327 5264 1540 5340; x_wconf 88' lang='lat' dir='ltr'><strong>iudiciorum</strong></span> <span class='ocrx_word' id='word_1_634' title='bbox 1572 5261 1778 5351; x_wconf 82' lang='lat' dir='ltr'><strong>abetoritate</strong></span> <span class='ocrx_word' id='word_1_635' title='bbox 1813 5304 1888 5351; x_wconf 89' lang='lat' dir='ltr'><strong>eam</strong></span> <span class='ocrx_word' id='word_1_636' title='bbox 1920 5289 2112 5378; x_wconf 74' lang='lat' dir='ltr'><strong>aequalita.</strong></span> 
     </span>
     <span class='ocr_line' id='line_1_52' title="bbox 142 5361 1334 5444; baseline 0 0"><span class='ocrx_word' id='word_1_637' title='bbox 142 5378 319 5444; x_wconf 76' lang='lat' dir='ltr'><strong>Merserit.</strong></span> <span class='ocrx_word' id='word_1_638' title='bbox 333 5372 434 5438; x_wconf 68' lang='lat' dir='ltr'><strong>Oria.</strong></span> <span class='ocrx_word' id='word_1_639' title='bbox 460 5367 617 5437; x_wconf 67' lang='lat' dir='ltr'><strong>Vaevt.</strong></span> <span class='ocrx_word' id='word_1_640' title='bbox 1286 5361 1334 5444; x_wconf 75' lang='lat'><strong>15</strong></span> 
     </span>
    </p>
   </div>
   <div class='ocr_carea' id='block_1_13' title="bbox 0 0 2378 6022">
    <p class='ocr_par' dir='ltr' id='par_1_16' title="bbox 0 0 2378 6022">
     <span class='ocr_line' id='line_1_53' title="bbox 0 0 2378 6022; baseline 0 0"><span class='ocrx_word' id='word_1_641' title='bbox 0 0 2378 6022; x_wconf 95' lang='lat' dir='ltr'><strong> </strong></span> 
     </span>
    </p>
   </div>
  </div>
 </body>
</html>
