4734 6000
473 238 480 249 ’
574 300 577 305 ›
635 259 903 350 sahanas
935 262 1121 348 vrraa
1154 267 1472 359 Mun-1546.

59 378 128 442 Iun.

100 489 131 547 1.
170 477 322 541 Praefatur
337 481 368 540 iu
387 475 425 541 T.
441 473 483 540 ll.
502 500 627 561 opernm
639 475 769 543 Lutheri
782 484 956 547 latinorum.

10 556 36 601 μ’
99 606 130 665 8.
165 594 277 658 Scribit
293 601 418 658 latinam
432 599 649 658 recusationem
666 603 788 661 concilii
806 598 988 661 Tridentini.

164 714 260 777 Mittit
277 711 409 796 Georgia
425 712 595 776 Anhaltiuo
616 722 782 781 orationem
796 719 980 801 synodalem.

73 835 129 898 18.
164 830 287 916 Lipsiae
300 846 344 895 est
358 833 439 914 apud
456 829 669 897 camerarium.
800 859 806 869 ·

76 955 130 1014 16.
164 949 275 1034 Legati
292 949 525 1014 Protestantium
539 949 721 1015 Ratirbonae
738 951 1038 1046 Caesaremadeunt‚
1066 967 1094 1015 et
1107 955 1292 1020 sciscitantur
1308 960 1346 1023 da
1357 975 1501 1046 apparatu
1515 965 1634 1032 bellico.

72 1072 131 1132 20.
167 1071 325 1135 Mauritius
343 1067 420 1131 Dux
436 1070 562 1133 discedit
578 1095 617 1133 ex
634 1076 776 1138 comitiis.

168 1189 242 1251 ltem
259 1188 420 1250 discedunt
431 1184 665 1253 Protestantium
680 1193 789 1272 legati,
815 1193 892 1251 alius
907 1201 976 1270 post
989 1191 1094 1251 aliurn.

166 1306 239 1368 Mel.
257 1312 391 1389 queritur
412 1306 448 1366 de
468 1313 599 1388 parergis
615 1312 723 1392 quibus
738 1311 888 1368 aulaeum
903 1319 1016 1371 onorat.
1071 1304 1245 1395 ‚‚Saepiua,
1270 1318 1389 1401 inquit,
1413 1324 1585 1405 quanquam
1600 1342 1711 1402 senex,
1736 1322 1774 1387 de
1788 1324 1859 1410 fuga
1873 1333 1993 1414 cog1103
2017 1338 2068 1398 red

216 1412 298 1469 brevi
314 1410 448 1469 fortassis
463 1429 545 1469 mors
560 1413 716 1491 abrumpet
732 1410 785 1469 has
799 1412 914 1489 ineptas
932 1402 1176 1491 occupationes.’'

73 1535 131 1595 21.
166 1525 309 1590 Civitates
325 1525 503 1591 Germaniae
517 1532 680 1609 superioris
697 1548 778 1589 arma
792 1530 924 1608 capiunt.

73 1650 128 1712 95.
166 1644 344 1707 Melarrthon
365 1650 427 1706 iam
443 1666 616 1727 persuasum
629 1646 736 1725 habet,
762 1649 868 1731 ingens
884 1649 998 1707 bellum
1011 1650 1118 1728 parari.

69 1744 131 1806 lul.

75 1853 132 1915 10.
165 1837 236 1900 liet.
252 1843 360 1898 iterum
376 1834 578 1900 editLurheri
594 1837 753 1923 iboroung
769 1857 808 1906 on
826 1837 898 1917 teins
914 1837 984 1906 ttrtr
1001 1839 1163 1920 beatiores
1172 1885 1183 1920 ,
1208 1812 1393 1923 praefatione
1406 1843 1517 1908 addita.

75 1965 132 2029 15.
167 1955 326 2018 Publicum
343 1961 489 2038 scriptum
503 1954 756 2036 Protestantium,
783 1980 844 2042 quo
860 1959 1030 2037 declarant,
1055 1961 1169 2021 bellum
1182 1963 1218 2021 ab
1233 1958 1417 2043 Imperatore
1429 1965 1586 2043 religionis
1600 1976 1718 2030 tantum
1731 1989 1817 2031 causa
1832 1974 1957 2054 suscipi.

168 2075 249 2158 Papa
266 2077 402 2154 ordinat,
429 2089 462 2136 at
476 2097 578 2156 preces
593 2081 731 2159 publicae
749 2081 821 2139 fiant
835 2100 891 2159 pro
909 2080 1107 2159 exstirpandis
1118 2079 1284 2167 haereticis.

73 2201 134 2262 20.
169 2192 242 2256 Dux
258 2190 409 2256 Saxoniaa
427 2206 456 2254 et
470 2187 677 2273 Landgravius
692 2193 816 2255 Hassiae
830 2195 960 2273 publicis
976 2198 1070 2255 literis
1084 2200 1312 2273 proscribuntur
1325 2197 1362 2256 ab
1378 2192 1570 2278 Imperatore.

171 2312 283 2378 Rector
298 2312 480 2374 Academiae
492 2309 677 2394 Witteherg.
700 2319 862 2375 annunciat
884 2315 1084 2395 scholasticis,
1116 2317 1190 2397 ipsis
1214 2317 1322 2392 licere,
1355 2316 1382 2375 si
1399 2317 1512 2391 vellnt,
1546 2335 1585 2375 ex
1602 2310 1768 2377 Academia
1784 2319 1933 2386 discedere
1948 2343 2070 2410 propter

216 2417 376 2473 imminens
393 2414 516 2473 bellum.

75 2549 132 2608 22.
167 2532 342 2596 Melanthon
357 2537 521 2611 invitatur,
548 2544 599 2611 nt,
626 2534 783 2594 sibellum
801 2534 927 2614 propius
942 2533 1080 2613 accedat,
1101 2557 1134 2597 sa
1146 2533 1281 2596 conferat
1296 2528 1480 2594 Northusam
1496 2530 1532 2591 ad
1548 2527 1780 2616 Meienburgnm
1795 2545 1959 2605 consulem.

73 2666 133 2728 27.
171 2651 243 2714 Mel.
262 2653 397 2713 hortatur
414 2654 624 2729 scholasticos,
650 2664 685 2712 ut
701 2655 749 2712 rel
766 2657 798 2711 in
813 2672 898 2714 suam
913 2657 1042 2737 quisque
1058 2656 1186 2736 patriam
1196 2646 1293 2715 vel'in
1308 2653 1367 2725 alia
1380 2654 1447 2712 loca
1460 2653 1669 2734 tranquilliora
1686 2654 1847 2720 discedant.

76 2781 135 2844 28.
169 2772 338 2836 Camerario
355 2775 458 2833 scribit
473 2772 548 2856 quid
562 2784 675 2867 metuat
690 2783 824 2852 speretre
839 2772 983 2833 debello.

47 2877 134 2959 Aug.

77 2988 134 3046 11,
171 2963 245 3027 Dux
260 2961 411 3027 Saxoniae
428 2961 549 3025 Elector
563 2977 594 3025 et
609 2932 817 3045 Landgrarius
831 2962 955 3026 Hassiae
968 2960 1146 3047 Imperatori
1159 2965 1284 3040 bellum,
1307 2963 1404 3024 missis
1419 2962 1524 3040 literis,
1551 2961 1697 3025 indicunt.

174 3083 263 3164 (Mel.
284 3088 317 3145 in
339 3085 478 3145 omuibus
501 3087 637 3165 epistolis
663 3085 699 3145 ad
723 3087 835 3145 amicos
858 3086 978 3163 scribit,
1005 3098 1152 3169 quantum
1173 3084 1308 3146 dolorem
1330 3085 1472 3164 suscipiat
1485 3105 1525 3145 ex
1541 3085 1622 3145 bello
1637 3087 1770 3166 primum
1785 3098 1942 3169 suscepto,
1968 3088 2073 3151 deinde

221 3190 350 3268 segniter
369 3186 478 3267 gesto.)

52 3281 137 3365 Sept.
399 3282 407 3289 ’

108 3408 139 3466 1,
174 3384 246 3446 Edit
262 3388 454 3445 collationem
471 3386 623 3445 actionum
639 3384 805 3444 forensium
819 3379 992 3445 Atticarum
1006 3397 1035 3445 et
1049 3381 1265 3446 Romanarum.

110 3525 142 3584 2,
174 3504 370 3584 Respondent
385 3504 526 3583 Princeps
540 3502 661 3563 Elector
678 3517 707 3562 et
721 3500 929 3582 Landgravius
946 3508 982 3566 ad
998 3510 1128 3568 tabulam
1144 3494 1381 3580 proscriptionis.

87 3638 143 3703 15,
178 3618 277 3696 Aula,
300 3631 335 3678 ut
349 3617 513 3679 Academia
530 3618 657 3695 secedat,
685 3618 767 3700 qnod
783 3614 961 3679 Melanthon
977 3632 1102 3698 recusat,
1127 3638 1166 3677 ne
1179 3609 1318 3673 maledici
1333 3606 1451 3683 dicant,
1476 3603 1612 3667 doctores
1627 3625 1707 3668 nunc
1721 3607 1834 3688 fugere.
1864 3641 1911 3660 -
1963 3609 2075 3678 Adhuc
2116 3670 2123 3693 ,

225 3733 268 3785 est
282 3719 447 3803 frequentia
465 3721 636 3780 auditorum
650 3723 683 3779 iu
700 3717 875 3781 Academia.
1553 3732 1557 3741 “

84 3859 141 3922 25,
176 3839 289 3903 Milites
304 3842 336 3898 in
352 3832 477 3899 Lusatia
492 3841 692 3918 colliguntur,
720 3839 852 3897 invasuri
865 3832 1050 3918 saxoniam,
1077 3856 1167 3922 quare
1182 3831 1352 3896 scholastici
1366 3826 1569 3890 dimittuntur.

69 3953 142 4018 Oct.

109 4063 141 4124 9,
176 4036 414 4100 Deliberationes
427 4038 464 4098 de
480 4060 552 4120 pace
568 4059 637 4098 curn
655 4034 779 4106 Caesare
792 4037 929 4099 {iacienda
946 4051 1015 4100 sant
1030 4041 1063 4112 in
1081 4033 1191 4101 Castris
1206 4032 1449 4098 Foederatorum.

84 4166 142 4225 12.
175 4155 337 4218 Nuntiatur
351 4159 469 4236 palam,
495 4153 673 4217 Mauritium
687 4153 806 4217 Ducem
822 4176 903 4217 arma
917 4176 1022 4238 capere
1036 4168 1140 4217 contra
1158 4152 1331 4235 Principem
1343 4148 1523 4210 Electorem.

84 4283 142 4344 18.
175 4273 270 4336 Mittit
286 4269 416 4353 Georgio
430 4272 600 4333 Anheltino
618 4277 783 4334 orationem
799 4276 985 4356 synodicam.
1034 4270 1172 4334 Dimittit
1193 4275 1271 4333 filios
1285 4265 1474 4344 Meienburgi
1489 4284 1529 4324 ax
1542 4255 1727 4337 Academia,
1753 4270 1787 4320 ut
1801 4256 1925 4321 domum
1942 4262 2071 4328 redeant.

80 4402 138 4463 20.
175 4389 399 4467 Ferdinaudus,
426 4386 495 4451 Rex
511 4387 695 4469 Bohemiae,
722 4395 836 4453 bellum
856 4392 963 4453 indicit
978 4388 1060 4455 Daci
1074 4387 1147 4454 Sax.
1163 4387 1304 4451 Electori.

83 4517 141 4582 27.
176 4507 336 4569 Mauritius
354 4503 429 4567 Dux
446 4504 519 4568 Sax.
535 4508 679 4587 declarat,
707 4532 738 4570 se
752 4523 841 4571 terras
856 4507 1004 4592 Principis
1021 4507 1167 4573 Electoris
1181 4518 1397 4587 occupaturam
1413 4520 1485 4561 esse.

86 4636 142 4696 29.
173 4623 345 4688 loacbimus
362 4622 477 4686 March.
492 4623 589 4686 Elect.
606 4622 796 4687 Melanthoui
814 4628 982 4709 hospitium
997 4630 1163 4705 obtulerat,
1189 4630 1238 4689 oui
1254 4626 1362 4706 gratias
1373 4622 1446 4700 agit.

62 4729 145 4897 hod.
178 4825 305 4890 Exardet
322 4831 437 4888 bellum
450 4780 565 4911 iuripa¹
575 4823 683 4905 Albis,
708 4827 867 4908 dissipatur
883 4821 996 4890 Schola
1009 4828 1269 4911 Wittebergensis.
1322 4821 1415 4887 Multi
1430 4841 1460 4881 se
1477 4816 1634 4878 conferunt
1651 4808 1899 4925 Magdeburgum.

108 4948 142 5011 4.
176 4943 288 5008 Scribit
302 4967 388 5007 suam
402 4949 597 5023 sententiam,
619 4967 656 5006 an
672 4949 761 5006 liceat
778 4947 903 5009 subditis
917 4944 1053 5010 Mauritii
1065 4968 1145 5008 arma
1160 4969 1264 5030 capere
1278 4944 1316 5004 ad
1334 4936 1567 5023 opprimendum
1581 4930 1629 4995 Pr.
1647 4929 1816 4993 Electorem
1831 4942 1860 4992 et
1875 4934 2061 5013 religionem.

108 5071 141 5136 6.
178 5062 291 5126 Schola
305 5085 322 5124 a
337 5062 466 5127 Rectore
481 5060 672 5140 Academiae,
691 5075 813 5145 propter
828 5079 943 5128 metum
961 5066 1126 5128 obsidionis
1140 5068 1231 5145 urbis,
1256 5063 1427 5124 dimittitur.

112 5187 144 5248 9·
181 5182 305 5244 {uitium
320 5184 408 5263 fugae
421 5182 721 5261 Wittebergensium.
774 5178 913 5243 Decrevit
926 5180 999 5258 Mel·
1017 5183 1150 5245 secedere
1165 5179 1342 5243 Servestam.

88 5305 146 5365 10.
182 5298 314 5380 Georgia
331 5302 513 5376 Anhsltiuo,
540 5321 595 5380 pro
611 5320 685 5380 paca
700 5312 813 5371 acturo,
838 5303 938 5361 scribit
953 5303 1063 5382 quibus
1079 5302 1244 5361 rationibus
1257 5296 1416 5360 Mauritius
1431 5287 1505 5351 Dux
1520 5287 1686 5371 permoveri
1700 5287 1807 5368 possit,
1830 5298 1864 5346 ut
1879 5274 2074 5371 Witabergae

232 5418 372 5484 parceret.
425 5399 553 5462 Accedit
565 5408 713 5463 exercitus
726 5402 843 5464 hostilis
858 5403 895 5462 ad
911 5405 1013 5462 urbem
1031 5416 1060 5463 et
1075 5402 1259 5465 deditionem
1275 5402 1415 5480 postulat.
1446 5382 1449 5386 ⁵
1468 5389 1558 5471 (Via.
1573 5411 1620 5472 ep.
1639 5390 1669 5451 d.
1687 5393 1742 5456 10.
1752 5383 1830 5451 Not·
1849 5384 1974 5468 1607.)

95 5501 277 5567 hircania.
301 5503 404 5566 Osca.
432 5501 515 5564 Vos..
530 5500 588 5565 Vl.
1236 5498 1260 5566 b
1975 5506 1979 5516 '
