4748 6022
74 213 152 290 629
557 198 560 203 ’
653 210 1090 292 ttetsTOLAttttM
1153 213 1344 295 LIB.X.
1396 214 1529 296 1516.

70 388 213 483 aptiora
227 386 367 477 eorum',
399 387 464 485 qni
479 402 591 462 terras
606 388 769 462 incolunt
785 412 857 476 eas,
881 388 1066 482 inquibus
1113 401 1215 458 antea
1239 403 1400 479 precatus
1418 410 1497 460 sum
1520 390 1615 461 idem
1632 415 1728 463 nunc
1743 413 1885 487 quoque
1899 416 2042 486 precor,
2065 403 2107 461 nt

70 498 136 564 adr
158 495 204 564 sit
223 516 334 584 purus
354 517 394 563 ac
409 494 545 578 tenuis,
572 518 677 586 quam
694 494 858 579 illorum,
884 492 946 586 qui
961 506 1066 563 utan-
1113 485 1260 560 honesto
1269 484 1307 586 ⁶)
1324 491 1526 562 testimonio
1542 495 1633 581 patri
1649 494 1723 564 eius
1737 497 1972 568 commendes.
2005 492 2105 577 Vale,

71 610 134 668 tur
154 617 269 665 crasso
292 595 390 664 coelo
411 607 516 688 atque
531 609 711 664 concreto:
744 596 821 687 ipsa
838 618 895 664 me
911 591 1076 685 pericula'
1112 588 1660 689 humanissimepraeceptor”)‚
1685 619 1810 688 meque
1818 610 1965 687 paterno
1974 617 2105 678 amore,

72 711 151 768 tum
168 695 304 786 ingenii
322 710 397 766 tum
412 696 626 767 valetudinis
640 699 833 780 deterrent,
861 695 1065 789 quominus
1112 717 1260 786 meaque
1292 697 1408 765 studia
1434 696 1656 786 amplectere.
1719 695 1787 767 Die
1815 694 1876 772 24.
1896 694 2102 767 Decembris

2035 221 2112 294 330

71 800 141 869 iter
154 798 343 889 suscipiam
359 798 398 865 in
415 821 513 866 oram
531 796 660 865 littoris
676 794 839 882 Balthici,

199 895 304 973 Pigris
326 895 377 955 ubi
399 911 472 954 rara
495 895 612 972 campis

199 981 302 1042 Arbor
324 980 439 1042 aestiva
460 989 613 1040 recreatur
635 979 751 1057 umbro,

201 1064 289 1142 Quod
310 1064 392 1127 lotus
414 1065 516 1125 mnndi
538 1064 711 1150 nebulae*)
732 1063 889 1142 molosque

445 1149 581 1226 luppiter
604 1157 698 1227 urget.

71 1234 173 1307 Haec
194 1261 273 1307 cum
296 1238 346 1306 ita
368 1238 440 1307 sint
463 1233 691 1307 vehementer
708 1261 725 1304 a
745 1249 778 1304 te
794 1248 894 1323 peto,
924 1232 1065 1324 utquid

71 1339 277 1409 faciendum
299 1361 371 1406 esse
390 1362 528 1407 censeas
546 1335 634 1406 mihi
649 1337 837 1426 significes3
864 1335 993 1406 etenim
1010 1335 1066 1402 di-

70 1441 158 1509 viua
173 1462 234 1531 spe
249 1439 358 1508 fretus
376 1453 408 1508 et
426 1453 488 1509 tuo
505 1452 651 1530 paterno
669 1438 837 1517 consilio,
863 1437 958 1531 quod
976 1432 1065 1504 mihi

69 1540 226 1612 salutare
242 1562 378 1632 semper
392 1541 499 1609 fuisse
519 1542 689 1631 intelligo,
714 1553 774 1608 aut
789 1540 827 1605 iu
841 1534 897 1608 his
911 1537 1066 1624 regioni-

69 1642 141 1712 bns
163 1641 333 1731 tantisper
349 1642 521 1727 manebo,
546 1644 631 1711 dum
649 1642 705 1711 vel
720 1638 929 1729 Vitebergae
946 1639 1065 1730 aliqua

68 1742 311 1836 tranquillitas
326 1745 556 1828 concedatur,
578 1745 634 1812 vel
649 1744 686 1810 in
701 1741 850 1832 patriam
866 1735 955 1808 mihi
971 1740 1066 1807 redi-

68 1856 130 1914 tus
157 1855 292 1936 pateat,
328 1857 391 1913 aut
415 1840 580 1913 hortante
602 1856 636 1912 te
660 1844 701 1910 in
722 1838 902 1909 Prussiam
923 1841 1065 1931 profici-

68 1966 159 2017 scar.
207 1942 422 2037 ⁴Quanquam
440 1946 535 2014 euim
551 1940 716 2037 physicae
733 1964 855 2009 causae
873 1942 1064 2009 multorum

68 2044 225 2133 ingeniis
248 2059 283 2115 et
298 2046 494 2115 valetudini
510 2046 647 2114 officere
662 2044 793 2126 solent,
819 2057 937 2111 tamen
954 2066 973 2109 a
989 2039 1065 2110 Deo

66 2145 331 2234 mitigationem
361 2159 396 2215 et
426 2147 681 2238 repressionem
710 2166 894 2212 causarum
923 2143 1065 2210 illarum

65 2258 209 2338 petam,
240 2259 275 2316 et
297 2247 507 2337 expectabo,
538 2248 593 2328 id,
625 2245 722 2338 quod
739 2243 872 2335 ubique
891 2257 1066 2312 terrarum

65 2347 150 2438 pios
172 2345 247 2436 ipsa
268 2348 452 2416 necessitas
476 2346 716 2437 periculorum
739 2356 773 2413 et
794 2368 860 2413 vox
878 2344 998 2412 divina
1013 2342 1067 2409 fa-

69 2470 150 2519 cere
168 2447 272 2536 cogit.

170 2546 275 2616 Nunc
297 2550 340 2617 ad
365 2549 510 2618 alteram
534 2548 701 2639 epistolae
722 2559 857 2637 partem
876 2539 1064 2627 veut0,1in

67 2670 141 2742 qna
155 2649 332 2719 tabellarii
348 2645 467 2735 huius,
485 2640 1068 2744 ChristopltoriForsteuhiiuscri

69 2749 255 2838 ingenium
267 2751 335 2821 tibi
350 2775 370 2819 a
383 2775 441 2820 me
457 2753 743 2821 commendatum
759 2763 821 2822 est.
873 2748 978 2818 Pater
991 2770 1065 2814 non

67 2852 177 2920 modo
203 2852 316 2923 literis
340 2854 385 2922 ad
405 2877 441 2922 se
455 2865 598 2922 revocat
614 2853 728 2921 filium
743 2841 1065 2944 Christophorum,

67 2952 131 3021 sed
162 2951 308 3043 insuper
330 2954 362 3022 ei
389 2954 553 3025 adiunxit
576 2954 741 3023 comitem
765 2953 914 3021 itineris.
972 2948 1063 3020 Cum

66 3052 168 3121 enim
194 3049 334 3123 scholae
362 3067 502 3124 nostrae
530 3054 741 3123 miserabilis
768 3051 950 3143 dissipatio
974 3053 1063 3121 facta

64 3167 136 3235 est,
158 3168 192 3221 et
206 3154 327 3241 magni
340 3154 426 3222 belli
441 3178 565 3222 rumor
578 3155 644 3223 sub
660 3153 753 3221 veris
768 3155 911 3222 initium
927 3153 1064 3242 impen-

61 3254 169 3333 deat,
200 3265 300 3343 pater
323 3277 403 3322 eum
426 3254 587 3343 ablegare
607 3255 646 3321 iu
669 3251 806 3322 ltaliam
830 3266 890 3324 aut
907 3249 1062 3320 Galliam

65 3353 232 3423 discendi
262 3353 350 3423 iuris
373 3369 408 3426 et
428 3354 569 3443 linguae
592 3377 694 3424 causa
718 3355 882 3425 decrevit.
943 3352 1062 3440 Quare

65 3454 200 3524 iterum
223 3476 243 3520 a
265 3467 299 3523 te
322 3467 425 3546 peto,
458 3456 569 3526 fretus
594 3469 652 3524 tua
677 3455 716 3522 in
740 3478 862 3523 omnes
884 3454 1061 3523 studiosos

64 3554 336 3638 benevolentia,
367 3568 407 3624 ut
428 3551 525 3624 huuc
541 3551 838 3646 Christophorum
862 3556 955 3646 patri
978 3554 1063 3623 dili·

67 3669 192 3744 genter
204 3657 439 3728 commendes.
472 3654 562 3725 Nam
577 3681 657 3725 eurn
671 3656 765 3724 vitae
780 3679 922 3724 cursum
939 3656 1063 3740 tenuit,

66 3768 273 3847 tentmque
295 3755 333 3824 in
355 3756 468 3826 literis
493 3754 828 3827 Iurisconsultorum
847 3770 881 3826 et
899 3757 979 3826 aliis
997 3759 1061 3826 bo-

68 3855 130 3925 nis
143 3857 278 3926 artibus
296 3881 437 3947 operam
454 3858 689 3948 consumpsit,
714 3871 755 3927 ut
771 3858 931 3927 omnium
947 3859 1062 3927 bono·

67 3980 150 4029 rum
172 3971 208 4028 ct
228 3970 321 4027 recte
341 3959 597 4042 iudicantium,
628 3971 760 4051 tuoque
783 3959 948 4051 inprimis
964 3961 1061 4029 testi-

66 4056 191 4127 monio
208 4061 389 4129 ornandus
402 4060 458 4131 sit.
509 4057 587 4127 Hoc
604 4061 647 4126 de
661 4060 738 4148 ipso
754 4060 979 4150 praeconium
996 4085 1060 4130 nc-

65 4180 245 4253 qnaquam
262 4152 322 4252 ”)
347 4160 503 4230 facturus
524 4183 638 4240 eram,
670 4160 739 4228 uisi
756 4174 790 4230 et
803 4184 918 4228 mores
935 4162 1010 4231 eius
1027 4175 1062 4237 et

63 4259 183 4333 studia
202 4255 292 4329 mihi
313 4274 491 4352 perspecta
504 4261 654 4330 fuissent
666 4283 706 4328 ex
723 4259 929 4352 quotidiana
947 4276 981 4331 et
994 4265 1059 4331 do-

62 4361 211 4432 mettica
249 4362 525 4432 consuetudine,
577 4358 722 4430 Etenim
756 4375 825 4430 tres
856 4384 993 4429 menses
1023 4375 1059 4432 et

1112 1146 1180 1222 No.
1197 1149 1311 1222 3675.

1117 792 1227 868 1546.

1953 1158 2011 1222 25.
2028 1152 2105 1216 Dec.

1121 1234 1291 1271 Μ
1928 1242 2099 1272 Μ

1462 1298 1514 1386 V.
1545 1298 1766 1413 Strigelc'o.

1181 1450 1259 1505 Edita
1269 1452 1413 1508 aPeucero
1427 1454 1454 1507 in
1464 1454 1530 1508 Mel.
1538 1453 1626 1526 Epist.
1634 1456 1680 1509 lib.
1691 1456 1723 1509 ll.
1741 1475 1767 1526 p.
1778 1453 1836 1510 127.
1854 1454 1910 1520 (ed.
1920 1454 2008 1508 lond.
2016 1456 2063 1510 lib.
2073 1457 2106 1515 ll.

1214 1523 1647 1646 lfhbhnliiat-islaiffihtiichihdhetgchi
1663 1524 1753 1645 iamed}
1771 1543 1801 1640 bf
1815 1521 2026 1645 &mesphe-in
2040 1526 2106 1646 ligi:
2120 1599 2123 1604 '

1214 1630 1303 1712 betur·
1312 1658 1393 1712 etiam
1414 1636 1592 1741 apdgrephon
1617 1612 1728 1715 inpcod.
1745 1629 1830 1740 (ioth.
1844 1663 1905 1716 401.
1923 1627 2010 1731 pito.
2031 1663 2104 1732 quod

1213 1745 1276 1783 cum
1290 1728 1456 1799 autographo
1476 1747 1503 1781 ιιι
1516 1730 1644 1781 omnibus
1663 1738 1799 1798 congruit.

1306 1879 1361 1957 D.
1387 1877 1638 1955 Victorino
1664 1878 1913 1976 Strigelio.

1111 2011 1157 2100 S.
1185 2023 1230 2099 D.
1262 2024 1341 2097 Etsi
1360 2027 1397 2093 iu
1418 2026 1523 2096 tantis
1541 2026 1756 2117 reipublicae
1773 2030 1985 2100 tumultibus
1999 2056 2107 2123 quae-

1113 2129 1243 2198 rendae
1259 2129 1375 2218 potius
1390 2128 1543 2196 latebrae
1558 2129 1736 2212 videntur,
1762 2155 1867 2222 quam
1884 2126 2106 2213 Academiae,

1112 2232 1177 2300 ubi
1192 2230 1231 2296 in
1244 2228 1333 2312 luce,
1359 2231 1432 2296 imo
1447 2241 1617 2319 tanquam
1632 2229 1672 2297 in
1687 2230 1760 2299 acie
1777 2231 1814 2297 in
1830 2232 1979 2301 assiduis
1994 2248 2106 2303 certa-

1113 2331 1270 2398 minibus
1281 2327 1412 2396 vcrsari
1429 2329 1608 2397 doctrinae
1618 2330 1869 2417 gubernatores
1886 2357 2024 2401 necesse
2036 2348 2104 2403 est:

1115 2446 1251 2512 tamen,
1278 2453 1357 2496 cum
1380 2424 1558 2495 Ecclesiae
1581 2430 1805 2499 serviendum
1824 2433 1888 2516 sit,
1910 2457 1982 2501 non
2004 2438 2106 2505 desu-

1113 2533 1249 2622 giamus
1265 2525 1485 2597 Academias.
1519 2525 1568 2597 Et
1582 2529 1620 2597 in
1635 2525 1692 2598 his
1708 2533 1859 2600 maxime
1875 2536 2018 2623 prodest
2033 2537 2106 2625 regi

1113 2632 1294 2702 doctrinae
1317 2630 1431 2697 studia
1455 2628 1587 2698 al'iris
1605 2631 1726 2713 bonis,
1750 2633 1916 2720 eruditis,
1943 2638 2105 2706 modera-

1112 2735 1168 2816 tis,
1184 2756 1258 2802 non
1271 2731 1471 2801 furentibus
1480 2727 1684 2826 φιλονεικίᾳ
1691 2729 1755 2805 καὶ
1770 2728 1986 2830 δοξομανίᾳ,
2003 2762 2105 2827 prae-

1112 2837 1322 2927 cipuamque
1339 2831 1540 2925 principum
1558 2858 1676 2902 curam
1693 2858 1764 2905 esse
1783 2839 1978 2924 oportebat,
1998 2851 2037 2906 ut
2052 2853 2106 2908 ta-

1112 2938 1200 3006 lium
1216 2937 1374 3003 virorum
1390 2933 1535 3022 collegia
1552 2946 1666 3002 esseut
1681 2938 1888 3005 academiae.
1930 2935 2022 3008 Cum
2040 2963 2102 3009 au-

1111 3052 1183 3109 tem
1200 3051 1234 3105 et
1248 3035 1430 3122 ingenium
1456 3047 1609 3103 tuomet
1631 3036 1746 3103 studia
1767 3038 1974 3125 probarem,
1999 3052 2102 3131 teque

1112 3139 1267 3207 viderem
1293 3147 1436 3225 propter
1456 3134 1578 3203 iudicii
1609 3136 1849 3206 dexteritatem
1882 3151 1915 3206 et
1942 3139 2102 3228 placidos

1110 3263 1226 3308 mores
1246 3260 1374 3324 magno
1396 3236 1475 3302 usui
1497 3236 1656 3304 futurum
1679 3259 1750 3304 esse
1773 3233 1950 3307 Ecclesiae
1971 3238 2038 3308 Dei
2063 3241 2100 3309 iu

1109 3339 1284 3432 frequenti
1308 3335 1529 3405 eruditorum
1559 3352 1753 3422 conventu,
1793 3352 1828 3408 et
1850 3354 1950 3410 antea
1975 3337 2002 3433 Ι)
2033 3343 2100 3411 tibi

1110 3437 1271 3510 hortator
1285 3439 1336 3507 fui
1354 3450 1387 3506 et
1401 3431 1518 3505 adhuc
1533 3459 1630 3517 sum,
1656 3452 1697 3507 ut
1712 3441 1755 3507 ad
1780 3433 1876 3508 hunc
1890 3440 1995 3509 finem
2012 3467 2098 3511 cou-

1110 3543 1188 3611 silia
1205 3556 1263 3612 tua
1278 3539 1426 3627 dirigas,
1453 3551 1492 3606 ut
1514 3538 1552 3605 in
1572 3540 1748 3607 academia
1767 3541 1883 3631 aliqua
1897 3543 2022 3615 vivas.
2059 3546 2098 3613 Si

1108 3641 1205 3714 Deus
1221 3642 1325 3710 nobis
1338 3639 1476 3708 felicem
1488 3632 1661 3710 κάθοδον
1670 3640 1709 3708 in
1718 3655 1874 3711 nostram
1883 3640 2098 3738 μυρμηκίην

1109 3760 1143 3817 et
1165 3745 1320 3814 alveolos
1341 3753 1480 3810 nostros
1504 3743 1728 3827 concederet,
1759 3743 1826 3810 tibi
1850 3768 1990 3837 quoque
2011 3768 2098 3816 con-

1107 3847 1331 3918 suetudinem
1355 3866 1496 3926 eorum,
1529 3865 1609 3910 cum
1630 3843 1759 3935 quibus
1781 3839 1949 3914 hactenus
1966 3846 2095 3927 vixisti,

1107 3962 1240 4038 gratam
1255 3948 1331 4015 fore
1354 3967 1542 4013 censerem.
1593 3994 1618 4026 „
1628 3939 1716 4024 †De
1731 3942 1871 4013 Brussis
1885 3942 1915 4039 ²)
1937 3947 2024 4039 quid
2039 3973 2096 4015 re-

1106 4101 1131 4135 „
1140 4052 1331 4140 spondeam
1347 4047 1423 4128 tibi,
1449 4040 1561 4137 non')
1577 4044 1679 4112 valde
1694 4046 1837 4130 dubito;
1863 4041 1978 4117 πολλὰ
1993 4042 2097 4117 δοκεῖ

1105 4203 1130 4235 „
1138 4176 1203 4242 μοι
1218 4141 1450 4238 ἀνεπιτήδεια
1464 4140 1560 4216 εἶναι’
1570 4164 1640 4229 σοι,
1664 4141 1689 4239 ἡ
1701 4139 1821 4240 χώρα,
1842 4143 1905 4218 καὶ
1919 4144 1942 4239 ἡ
1958 4144 2095 4227 ἔθνους

1103 4303 1129 4338 ,,
1138 4247 1284 4334 δίαιτα,
1317 4243 1380 4319 καὶ
1404 4242 1451 4318 τὰ
1475 4244 1554 4341 ἤθη
1569 4238 1721 4342 φύσεων
1742 4241 1900 4340 ἀνόμοια
1926 4251 2002 4317 τῶν
2030 4253 2094 4341 τῆς

1104 4403 1129 4436 „
1136 4346 1315 4445 πατρίδος
1330 4352 1410 4420 σοῦ.
1462 4347 1535 4418 Nec
1547 4350 1637 4418 illud
1653 4344 1819 4442 Aeschyli
1833 4348 1871 4416 in
1885 4348 2015 4417 talibus
2031 4350 2093 4417 de-

1103 4451 1408 4537 „liberationibus
1422 4451 1597 4540 negligere
1613 4450 1724 4519 soleo:
1751 4446 1859 4528 ἄλλος
1873 4443 1964 4541 πρὸς
1978 4447 2092 4543 ἄλλην

14 4462 20 4519 ἶ
60 4462 174 4555 pulo
205 4464 357 4553 amplius
380 4461 652 4532 familiarissime
675 4475 710 4531 et
730 4461 985 4531 modestissime
1004 4463 1058 4529 vi-

14 4548 32 4583 *
58 4560 130 4637 xit.
179 4559 345 4656 Denique
359 4588 447 4657 quae
462 4587 599 4634 summa
616 4564 692 4632 laus
708 4577 758 4633 est
775 4564 812 4630 in
831 4558 976 4630 homine
992 4563 1058 4631 bo·
1102 4546 1245 4639 „atto
1266 4548 1500 4650 τεταγμένος.
1549 4550 1621 4620 Sed
1642 4546 1791 4619 haesita
1810 4550 1945 4633 scribo,
1976 4575 2090 4620 meam

60 4662 123 4734 nis
143 4666 351 4755 parentibus
373 4678 476 4744 nato,
504 4665 700 4734 doctrinam
716 4664 855 4754 pietatis
870 4664 1057 4751 diligenter
1102 4668 1176 4738 „ut
1193 4655 1398 4745 opinionem
1422 4653 1488 4722 tibi
1512 4651 1720 4740 significem,
1744 4675 1818 4720 uon
1835 4665 1875 4722 ut
1890 4651 1955 4721 tibi
1978 4652 2089 4739 legem

59 4764 211 4851 didicit,
235 4780 269 4835 et
285 4767 444 4860 quotidie
462 4790 480 4834 a
498 4764 574 4834 Deo
593 4766 849 4834 ardentissimis
862 4765 952 4834 votis
966 4765 1056 4856 peti·
1101 4756 1257 4841 „feram
1310 4755 1416 4824 Vinci
1441 4753 1665 4823 incommoda
1688 4752 1749 4822 illa
1771 4753 1921 4823 consilio
1946 4767 1980 4825 et
2007 4754 2091 4823 dili-

59 4867 135 4950 vit,
166 4880 207 4937 ut
231 4868 341 4956 legem
365 4868 404 4934 iu
425 4881 565 4958 pectore
589 4866 698 4955 ipsius
717 4867 929 4954 obsignaret.
988 4863 1055 4935 His

58 4966 173 5057 igitur
200 4968 390 5038 virtutibus
419 4982 524 5061 atque
549 4967 714 5057 inprimis
736 4969 865 5060 pietate
889 4980 1053 5037 ornatum

55 5070 104 5141 nd
128 5083 183 5156 tc,
215 5063 467 5139 humanissime
491 5080 713 5161 praeceptor,
746 5068 869 5152 mitto,
902 5080 936 5140 ct
958 5071 1053 5162 quod

66 5223 282 5241 *¹¹⁸—

87 5288 122 5359 ')
142 5289 262 5343 nebulae
275 5287 454 5360 praetermisit
467 5288 606 5349 llummsl.

88 5376 143 5454 θ)
161 5375 275 5434 numm.
286 5393 387 5451 neque.

1134 5030 1164 5096 ¹⁸¹)
1182 5038 1260 5098 eum]
1273 5028 1347 5085 addit
1361 5026 1471 5080 ilumm.

1135 5116 1185 5186 lul>
1203 5120 1321 5170 humosa.
1332 5113 1446 5181 proca]
1459 5107 1598 5165 fluminet.
1611 5110 1815 5181 praetermittit·

1137 5207 1165 5273 t)
1181 5203 1295 5258 Peuce.
1307 5209 1385 5257 onte.

1138 5291 1168 5358 1)
1185 5290 1248 5345 vid.
1263 5305 1344 5360 supra
1360 5282 1437 5356 epist.
1452 5282 1485 5337 ad
1500 5280 1645 5338 Albertum
1659 5281 1764 5336 Ducem
1777 5280 1805 5337 d.
1818 5277 1862 5334 29.
1875 5275 1958 5335 Octb.

1136 5374 1166 5445 8)
1185 5369 1400 5439 ctttuontabss
1413 5364 1676 5426 aestuasset.
