4748 6022
168 296 240 373 109
346 318 349 323 ·

166 470 314 539 suetudo
338 464 516 542 Ecclesiae
537 485 684 563 usurpat
714 473 969 566 poenitentiam
995 497 1061 564 pro
1085 485 1159 543 tota

165 571 415 656 conversione,
449 588 484 644 et
505 575 755 645 contritionem
780 589 914 665 partem
937 575 1037 644 lacit:
1080 571 1158 662 Ego

165 695 307 765 quoque
332 673 381 742 sic
408 673 546 746 locutus
569 700 658 749 sum.
719 674 813 763 Quia
844 676 996 745 libenter
1022 676 1159 745 retineo

166 774 311 844 usitatas
324 773 495 866 loquendi
512 778 651 859 formas.
704 773 753 846 Et
769 790 887 846 tamen
903 779 1026 857 fateor,
1045 770 1160 860 Mihi,

166 898 249 947 oum
270 899 418 965 pavores
441 890 475 946 et
498 878 794 962 consolationem,
821 892 855 948 et
868 903 981 947 novae
996 878 1087 947 vitae
1102 878 1160 944 in-

166 970 391 1045 choationem
410 981 695 1071 complectimur,
720 980 830 1069 magis
853 980 989 1069 placere
1007 980 1159 1048 vocabu-

166 1076 241 1144 lum
267 1080 525 1164 conversionis,
558 1105 629 1173 quo
651 1104 753 1172 saepe
778 1093 928 1151 utuntur
949 1074 1158 1171 Prophetae.

167 1174 216 1247 Et
228 1179 389 1248 videmus
404 1178 600 1271 Prophetas
613 1195 705 1251 recte
724 1194 758 1250 et
781 1182 909 1251 diserte
924 1183 1060 1252 locutos
1075 1204 1158 1252 esse.

266 1276 314 1349 Et
335 1280 373 1347 in
397 1306 474 1350 mea
498 1284 761 1366 lucubratione,
796 1284 854 1352 cui
875 1283 1000 1352 titulus
1021 1295 1073 1351 est
1090 1281 1158 1350 loci

168 1375 378 1470 Theologici
393 1395 475 1469 etc.,
517 1407 676 1476 expresse
700 1396 843 1454 testatus
860 1387 965 1468 sum,
988 1408 1046 1454 me
1062 1383 1158 1451 nolle

167 1483 211 1550 de
225 1484 397 1552 vocabulo
413 1486 543 1570 rixari,
569 1487 631 1555 sed
649 1481 716 1555 hoc
732 1487 982 1576 praestandum
999 1507 1093 1567 esse,
1119 1497 1159 1553 ut

167 1605 222 1652 res
237 1585 450 1655 necessariae
468 1588 698 1660 retineantur.
752 1580 924 1677 Monachi
940 1588 1156 1655 mentionem

166 1685 248 1754 fidei
270 1708 412 1774 prorsus
435 1690 648 1773 omiserunt,
681 1702 716 1758 et
739 1689 961 1760 tradiderunt
985 1688 1093 1779 impia
1125 1699 1157 1756 et

166 1786 272 1855 stulta
282 1789 418 1856 somnia
433 1791 477 1858 de
488 1790 675 1859 sufficienti
691 1789 915 1869 contritione,
941 1802 975 1858 et
993 1790 1158 1857 dixerunt

167 1888 299 1956 remitti
316 1905 453 1980 peccata
468 1903 611 1982 propter
625 1889 854 1957 sufficientem
870 1890 1132 1959 contritionem.

268 1986 359 2059 Cum
375 1990 485 2077 igitur
499 1992 543 2059 de
553 1991 688 2079 integra
703 1991 932 2058 conversione
948 1991 986 2057 in
1001 1984 1067 2057 hac
1082 2012 1156 2056 ma-

164 2089 253 2161 teria
268 2091 416 2176 dicatur,
440 2092 507 2160 feci
520 2091 736 2161 mentionem
748 2090 842 2169 fidei,
866 2113 972 2182 quam
989 2114 1061 2158 esse
1077 2114 1159 2179 par-

165 2205 237 2260 tem
254 2191 409 2280 integrae
426 2193 667 2263 conversionis
681 2214 756 2260 non
776 2191 925 2260 dubium
942 2204 1009 2277 est,
1042 2204 1076 2260 et
1090 2190 1155 2259 feci

166 2290 247 2360 ideo
264 2293 451 2379 libentius,
488 2308 525 2363 ut
544 2294 808 2364 nomenclatura
823 2292 925 2383 quasi
953 2314 1157 2361 commone-

165 2393 269 2462 factio
288 2408 395 2479 esset,
421 2420 466 2463 ne
481 2395 532 2463 ibi
549 2395 771 2464 omitteretur
785 2393 945 2463 doctrina
959 2394 1003 2461 de
1016 2393 1095 2461 fide.

268 2492 341 2565 Nec
370 2509 488 2565 tamen
521 2519 639 2587 pugno
662 2497 706 2564 de
735 2495 842 2563 modo
866 2494 1057 2587 loquendi,
1091 2518 1156 2563 nec

163 2597 338 2689 impedio,
374 2623 445 2690 quo
471 2597 590 2667 minus
613 2597 675 2666 alii
697 2596 769 2665 sint
790 2596 900 2685 magis
925 2595 1059 2668 diserti.
1116 2594 1156 2666 Si

165 2702 245 2795 quis
279 2699 357 2768 aliis
390 2699 508 2768 verbis
540 2712 601 2769 aut
626 2698 696 2767 alia
716 2697 908 2788 partitione
923 2697 1067 2766 'mavult
1087 2696 1155 2780 uti,

162 2804 270 2872 modo
285 2813 328 2870 ut
342 2822 531 2870 consensus
547 2802 591 2869 de
609 2801 714 2870 rebus
730 2799 934 2872 necessariis
949 2798 1156 2883 retineatur,

163 2928 238 2973 non
251 2902 370 2971 iudico
387 2917 572 2994 propterea
595 2916 770 2972 certamen
786 2902 1002 2969 movendum
1020 2921 1103 2971 esse.

263 3001 356 3074 Amo
388 3018 422 3073 et
454 3027 517 3093 ego
540 3018 675 3074 rectum
694 3026 914 3087 sermonem,
948 3014 983 3071 et
1014 3001 1153 3070 assidue

163 3106 337 3176 vociferor
361 3105 398 3171 in
422 3100 561 3189 schola,
590 3119 632 3174 ut
655 3104 887 3173 assuefaciant
906 3126 941 3171 se
963 3125 1085 3172 omnes
1109 3103 1154 3170 ad
1226 3116 1231 3123 ’

163 3208 333 3279 tuendam
346 3205 596 3295 proprietatem
614 3206 652 3273 in
667 3206 829 3276 dicendo.
880 3203 953 3274 Nec
967 3204 1099 3294 ubique
1114 3204 1154 3270 in

164 3307 330 3376 omnibus
363 3305 521 3373 materiis
548 3305 681 3394 ignosci
698 3301 794 3372 -mihi
813 3304 918 3386 volo,
959 3303 1154 3394 improprie

162 3407 335 3499 loquenti.
379 3404 449 3476 Sed
464 3406 538 3497 ipse
551 3400 640 3473 mihi
648 3429 725 3475 sum
743 3404 952 3474 durissimus
969 3427 1103 3484 censor,
1121 3417 1155 3490 et

161 3509 270 3578 laudo
300 3506 389 3575 alios
417 3530 601 3576 censuram
631 3507 842 3576 severiorem
871 3519 1023 3594 agentes.
1082 3504 1153 3575 Sed

162 3627 279 3682 tamen
306 3608 351 3678 sit
374 3611 502 3675 modus
524 3607 653 3699 aliquis
674 3609 800 3676 talium
824 3601 1154 3697 reprehensionum,

162 3735 207 3781 nc
221 3703 443 3807 λογομαχίαι
450 3709 603 3778 nimium
618 3721 785 3793 crescant,
807 3721 847 3776 ut
861 3708 1035 3778 acciditin
1046 3731 1155 3801 quae-

163 3813 338 3884 stionibus
353 3809 676 3883 sententiariorum.

263 3912 324 3982 Me
349 3908 526 3981 Ecclesiae
552 3911 770 3981 consuetudo
800 3909 931 3994 movit,
964 3922 1005 3978 ut
1029 3909 1154 4001 poeni-

162 4008 292 4086 tentiae
324 4037 455 4083 nomen
485 4037 549 4102 pro
579 4026 651 4081 tota
682 4012 912 4080 conversione
933 4034 1152 4102 usurparem.

164 4116 236 4186 Nec
264 4116 365 4185 volui
397 4115 532 4184 tristius
560 4113 773 4182 vocabulum
794 4112 1036 4190 contritionis,
1071 4136 1150 4181 cum

165 4219 251 4288 adeo
267 4220 313 4287 sit
327 4217 516 4299 usitatum,
542 4214 698 4285 reiicere.

761 292 1194 375 EPISTOLARUM
1245 299 1351 376 LlB.
1379 301 1425 378 X.
1480 300 1609 380 1546.

2128 304 2201 373 110

1311 471 1351 542 si
1368 474 1448 564 quis
1471 487 1588 543 autem
1605 469 1670 543 hac
1687 497 1763 544 mea
1786 476 2022 546 declaratione
2035 477 2079 544 dc
2096 497 2201 545 voca-

1210 572 1316 657 bulo,
1350 574 1436 645 dicit
1460 576 1517 643 vel
1541 576 1649 645 retexi
1667 576 1792 664 dogma
1816 579 1914 669 prius
1930 578 2118 660 traditum,
2143 577 2201 645 vel
2231 619 2234 625 -

1211 675 1348 743 turbari
1371 677 1553 764 dogmata,
1585 699 1659 744 non
1683 676 1815 748 iudicat
1832 679 1990 750 candide.
2043 676 2200 746 Manife-

1210 787 1304 844 stum
1324 789 1375 846 est
1391 778 1486 846 enim
1500 801 1724 871 nequaquam
1742 802 1798 847 res
1818 803 1837 847 a
1854 804 1909 848 me
1923 778 2053 848 mutari
2067 792 2102 848 et
2115 778 2200 846 nul-

1210 875 1285 944 lum
1310 901 1442 947 novum
1468 881 1592 969 dogma
1617 879 1725 968 gigni.
1785 878 1942 950 Tantum
1972 880 2119 948 ostendo
2142 901 2199 947 me

1210 978 1297 1046 boni
1321 980 1519 1065 consulere,
1552 980 1582 1048 si
1612 979 1691 1072 quis
1719 978 1786 1048 alia
1818 981 1932 1049 forma
1953 979 2124 1073 loquendi
2146 978 2200 1048 uti

1210 1079 1314 1151 volet.
1351 1079 1454 1150 Certe
1469 1104 1679 1151 consensum
1704 1079 1740 1148 in
1758 1083 1931 1165 doctrina,
1957 1082 2049 1151 tueri
2063 1102 2200 1149 summa

1210 1203 1293 1249 cura
1309 1182 1446 1251 studeo.
1497 1180 1545 1252 Et
1561 1195 1662 1272 opto,
1688 1196 1727 1251 ut
1742 1178 1918 1251 Ecclesiae
1933 1194 2073 1250 nostrae
2088 1194 2200 1250 aeter-

1210 1304 1254 1349 na
1271 1284 1459 1352 concordia
1476 1283 1658 1375 copulatae
1674 1285 1765 1368 sint,
1790 1298 1843 1370 et,
1867 1298 1907 1354 ut
1923 1283 2016 1353 filius
2033 1279 2099 1352 Dei
2119 1305 2200 1374 pre·

1210 1394 1326 1466 catur,
1349 1383 1420 1454 sint
1436 1410 1549 1456 unum
1565 1386 1603 1452 in
1619 1382 1705 1457 Deo.

1308 1480 1356 1553 Et
1384 1511 1464 1554 cum
1495 1487 1538 1554 ad
1562 1485 1787 1556 concordiam
1809 1487 1907 1556 utilis
1930 1488 1976 1556 sit
2005 1483 2200 1575 proprietas

1209 1586 1400 1668 sermonis,
1432 1588 1644 1657 mediocrem
1671 1588 1891 1676 diligentiam
1922 1599 2013 1656 certe
2035 1580 2202 1668 adhibeo,

1208 1698 1249 1754 ut
1266 1687 1496 1780 plaerumque
1513 1690 1640 1780 loquar
1661 1689 1813 1778 proprie.

1310 1783 1477 1879 Optarim
1498 1804 1634 1873 autem,
1667 1803 1705 1859 ut
1725 1792 1769 1858 de
1797 1790 2009 1882 quibusdam
2032 1787 2201 1864 materiis,

1209 1898 1243 1954 et
1265 1889 1308 1955 de
1330 1890 1454 1957 formis
1478 1890 1649 1983 loquendi
1676 1890 1963 1982 colloquerentur
1985 1889 2096 1980 aliqui
2119 1911 2201 1956 eru·

1209 1986 1294 2071 diti,
1322 2000 1362 2057 ut
1383 2002 1538 2057 caeterae
1561 1991 1722 2058 nationes
1741 1991 1850 2078 magis
1867 1990 2105 2058 invitarentur
2124 1990 2201 2057 luce

1208 2110 1327 2156 rerum
1344 2089 1569 2179 optimarum,
1587 2105 1621 2159 et
1636 2090 1753 2158 minus
1769 2091 1856 2160 oriri
1872 2091 2103 2159 certaminum
2118 2110 2201 2180 pos-

1208 2201 1259 2257 set
1272 2190 1315 2256 ad
1336 2204 1512 2279 posteros,
1539 2190 1718 2281 explicatis
1737 2191 2037 2280 ambiguitatibus.

1266 2318 1269 2322 ⁴
1308 2287 1410 2359 Hanc
1432 2291 1803 2360 commemorationem
1824 2295 1867 2362 de
1884 2291 2057 2362 vocabulo
2074 2289 2200 2382 poeui-

1208 2389 1354 2477 tentiae,
1381 2404 1416 2459 et
1436 2394 1480 2460 de
1503 2416 1580 2461 mea
1598 2393 1912 2476 voluntatemitto,
1937 2417 2042 2485 quam
2059 2390 2200 2461 utboni

1208 2492 1394 2561 consulant
1424 2494 1520 2564 docti
1550 2494 1618 2562 viri
1649 2517 1772 2563 omnes
1792 2494 1831 2562 in
1857 2490 2049 2563 Academia
2075 2505 2201 2573 vestra,

1208 2615 1282 2660 oro.
1340 2645 1344 2652 .

2085 2796 2194 2808 αι’-

1206 2920 1273 2993 Νο.
1291 2919 1403 2998 5442.

1205 3019 1407 3054 W„
2026 2930 2193 3048 ecc

1596 3086 1642 3192 I.
1661 3108 1808 3190 Ionae.

1274 3262 1295 3331 †
1313 3260 1350 3315 Er
1365 3259 1649 3317 collectamllallemt.
1671 3260 1734 3317 Vol.
1748 3263 1772 3316 l.
1789 3279 1816 3332 p.
1830 3261 1909 3334 46⁰„
1925 3261 1971 3332 qui
1985 3280 2043 3317 cam
2059 3260 2199 3332 descripsit

1309 3349 1324 3382 e
1338 3328 1400 3383 cod.
1415 3327 1532 3384 Gudian.
1546 3327 1715 3400 Guelpherb.

1534 3482 1673 3555 Iusto
1708 3481 1868 3560 Ionae.

1205 3610 1321 3726 Quod
1339 3632 1491 3701 faustum
1508 3645 1541 3702 et
1557 3632 1640 3700 felix
1656 3633 1712 3705 sit.
1755 3629 1923 3702 Redeunt
1941 3633 2045 3722 legati
2064 3644 2197 3699 vestrae

1204 3733 1368 3811 civitatis,
1389 3733 1457 3800 viri
1473 3728 1726 3818 honestissimi,
1748 3735 1810 3826 qui
1828 3758 1946 3802 coram
1964 3733 2197 3813 testabuntur,

1204 3860 1278 3906 non
1300 3835 1452 3905 defuisse
1473 3836 1692 3904 voluntatem
1711 3859 1749 3904 ac
1772 3835 1992 3924 diligentiam
2015 3826 2195 3902 DuciSa-

1204 3934 1342 4007 reniae
1364 3937 1402 4004 in
1428 3936 1693 4005 conditionibus
1716 3936 1964 4006 communibus
1981 3933 2194 4020 mitigandis.

1203 4036 1274 4111 Sed
1303 4038 1340 4105 in
1364 4050 1461 4108 tanta
1487 4051 1685 4129 temporum
1707 4037 1912 4106 difficultate
1936 4060 2015 4105 cum
2040 4034 2112 4102 sint
2132 4032 2195 4125 qui

1204 4152 1363 4210 excutere
1386 4153 1420 4208 et
1443 4162 1507 4208 nos
1524 4153 1558 4210 et
1573 4139 1676 4208 illum
1691 4139 1806 4229 ipsum
1824 4158 1943 4206 recens
1959 4136 2106 4202 electum
2127 4130 2194 4225 olp-

1197 4236 1323 4335 χιερέα
1347 4253 1522 4322 vestrum,
1546 4255 1608 4310 aut
1630 4241 1745 4330 potius
1760 4236 2030 4328 gubernatorem
2047 4236 2194 4305 ditionis

265 4319 447 4388 Vocabula
468 4315 763 4405 regenerationis,
792 4314 1094 4400 mortificationis,
1117 4327 1152 4383 et
1201 4335 1539 4435 Magdffimgpm
1566 4341 1719 4412 obtineri
1735 4339 1872 4419 omnia,
1896 4361 1986 4428 quae
2002 4337 2192 4420 voluimus,

162 4421 411 4490 vivificationis
426 4418 588 4489 transtuli
603 4419 645 4488 ad
662 4417 779 4486 locum
798 4417 842 4484 de
858 4416 1086 4505 poenitentia,
1111 4428 1153 4483 ut

1203 4447 1365 4513 nondum
1382 4459 1529 4535 possunt
1544 4435 1594 4538 *).
1639 4440 1787 4532 Aliquid
1803 4452 1921 4508 tamen
1937 4437 2099 4507 effectum
2117 4462 2190 4507 esse

162 4525 346 4595 tolleretur
359 4517 565 4616 hypocrisis,
592 4543 681 4613 quae
692 4516 996 4587 mortificationem
1011 4517 1151 4585 intelle-
1200 4542 1340 4629 iudico,
1365 4560 1399 4615 e,
1419 4544 1522 4615 initia
1545 4545 1692 4634 gradum
1711 4540 1839 4610 faeiem
1860 4542 1905 4608 ad
1925 4539 2106 4609 meliorem
2123 4564 2190 4610 κα,

161 4626 230 4709 xit,
255 4649 329 4693 non
346 4625 566 4693 contrionem
583 4634 616 4691 et
636 4619 876 4690 obedientiam
892 4617 928 4685 in
943 4617 1035 4686 veris
1048 4618 1150 4686 dolo·
1199 4620 1398 4731 ,gavamm
1435 4671 1540 4739 quam
1562 4659 1600 4713 „t
1617 4640 1718 4731 pens
1745 4655 1906 4711 aeternus
1930 4655 2029 4733 pape,-
2052 4639 2190 4710 dompni

162 4727 278 4811 ‘ibus’
303 4726 363 4795 sed
387 4726 476 4794 filus
496 4737 607 4793 cesl⁰⁵
623 4721 878 4804 ³b⁸ll¹¹⁸¹¹ll³⁸²
903 4733 939 4789 ‘l
953 4719 1151 4790 simulam·
1199 4749 1312 4817 nostri
1329 4749 1410 4817 lesu
1423 4744 1557 4819 Christi
1574 4743 1781 4827 constituat,
1806 4756 1879 4813 toto
1898 4757 2038 4835 pectore
2055 4757 2149 4832 opto.

161 4851 225 4898 nes
244 4827 467 4898 monasticas.

1300 4842 1515 4918 Fridcricus
1537 4839 1738 4939 Myconius
1766 4845 1828 4915 diu
1854 4864 1940 4914 'cnm
1968 4869 2030 4913 suo
2062 4845 2187 4912 morbo

263 4928 303 5001 Si
319 4929 409 4998 alins
423 4927 557 4996 mavult
573 4928 622 4994 sic
637 4925 754 5018 loqui:
780 4919 1071 5013 Regenerationis
1088 4946 1149 4994 seu
1199 4952 1370 5034 luemus,
1408 4951 1552 5018 tandem
1584 4972 1624 5018 ex
1653 4943 1718 5017 hae
1748 4946 1888 5017 mortali
1919 4946 1991 5014 ,pa
2024 4957 2187 5013 emnam,

161 5031 402 5103 conversionis
422 5041 538 5120 partes
562 5041 631 5098 tres
655 5026 934 5097 constituanturt
959 5021 1153 5094 Poeniten«

160 5135 228 5214 tia,
254 5135 290 5203 id
317 5145 369 5201 est
390 5132 465 5201 veri
488 5151 634 5221 pavores
654 5142 689 5198 et
712 5127 869 5212 dolores,
896 5140 1041 5219 propter
1060 5127 1149 5194 iram

158 5233 229 5307 Dei
249 5237 416 5305 adversus
439 5247 558 5303 nostra
579 5243 735 5325 peccata:
760 5229 888 5301 deinde
904 5230 991 5298 fides
1008 5243 1043 5299 et
1058 5250 1150 5296 nova

161 5338 381 5421 obedientia,
420 5335 535 5426 reipsa
558 5334 645 5407 dicit
663 5333 778 5417 idem,
818 5332 915 5427 quod
943 5355 1000 5400 me
1019 5329 1150 5402 sentire

159 5442 386 5514 manifestum
403 5451 466 5511 est.

1200 5067 1252 5122 est
1263 5045 1335 5148 *').
1385 5049 1493 5120 Vides
1516 5050 1635 5140 colligi
1658 5050 1786 5133 iustos,
1812 5072 1857 5116 ne
1880 5047 1952 5115 sint
1977 5060 2186 5136 spectatores

1198 5208 1407 5226 —u—-

1233 5298 1262 5367 *)
1281 5298 1345 5356 Vld.
1360 5296 1437 5368 epist.
1454 5299 1479 5353 d.
1497 5299 1535 5354 17.
1549 5299 1617 5368 Apr.
1631 5298 1731 5369 scripta
1744 5295 1857 5351 Alberto
1870 5292 1959 5359 Deci,
1982 5302 2007 5346 et
2023 5290 2143 5345 Sleidan.
2158 5288 2184 5340 in

1267 5368 1423 5425 Comment.
1444 5388 1471 5442 p.
1486 5368 1547 5423 476.

1234 5452 1282 5526 s.)
1302 5451 1554 5526 ostreaeque.
1568 5451 1643 5506 1⁵4⁶.
