4748 6022
92 141 167 212 soe
688 105 1125 211 samosateum
1177 134 1286 210 nra.
1316 134 1363 214 x,
1419 132 1554 209 154s
2062 138 2138 211 soe

91 319 243 400 poterat.
292 301 436 376 Etcum
451 303 647 390 FiliusDei
663 306 844 397 copularet
861 304 929 374 sibi
947 317 1089 373 aeterno
1143 306 1291 375 consilio
1324 304 1440 376 Deum
1469 296 1652 378 aeternum
1678 306 1821 377 Patrem
1847 306 1998 378 Domini
2022 305 2136 374 nostri

91 411 235 478 foedere
248 421 409 477 naturam
425 404 630 492 humanam,
655 421 800 477 testatus
815 419 877 486 est,
899 430 963 489 nos
978 429 998 474 a
1011 405 1087 475 Deo
1143 403 1222 475 lesu
1245 404 1378 478 Christi
1402 411 1621 479 conditorem
1644 433 1716 480 esse
1736 424 1901 495 naturae,
1933 423 1966 478 et
1988 408 2037 476 ita
2058 408 2134 476 fore

94 511 214 599 diligi,
239 523 273 578 et
296 510 456 579 exaudiri
474 523 508 579 et
525 509 652 582 iuvari.
703 507 769 576 llis
787 507 1087 578 consolationibus
1141 509 1277 577 felicem
1303 523 1485 594 naturam,
1518 535 1598 579 cum
1622 512 1697 600 ipse
1721 534 1796 579 eam
1821 511 1915 579 fovet
1930 523 1964 580 et
1978 510 2134 592 adiuvat,

92 634 160 681 nos
189 624 445 695 sustentemus,
485 625 519 681 et
550 635 570 679 a
592 611 668 680 Deo
698 610 870 679 auxilium
898 630 1087 701 speremus.
1118 668 1120 673 Α
1139 592 1243 700 quein
1261 612 1404 703 quidem
1420 635 1501 697 oro,
1528 625 1569 680 ut
1583 610 1627 686 D.
1641 605 1859 680 Plieardum
1877 624 1910 681 et
1928 611 2003 679 eius
2020 621 2131 699 totam

90 712 165 784 Diu
185 706 277 779 mihi
302 712 485 802 displicuit
499 708 593 781 Aula
616 724 737 780 nostra
752 704 790 807 ⁴⁶)
814 736 853 781 eo
877 712 972 803 quod
989 709 1085 778 rixo·
1139 711 1320 796 familiam,
1347 727 1381 782 ct
1399 708 1493 781 hisne
1508 711 1621 782 filium
1637 728 1750 783 servet
1764 713 1958 780 incolumes
1976 724 2009 779 et
2023 725 2131 798 regat.

93 814 166 883 sior
187 826 296 895 esset,
330 828 363 883 et
385 814 491 881 nimis
512 813 625 882 multa
647 812 787 900 negotia
813 827 980 884 moveret.
1039 807 1085 878 Et
1139 810 1248 880 Serva
1274 838 1403 905 quaeso
1427 814 1543 882 locum
1564 814 1776 883 adolescenti
1790 801 1941 906 Cygneo
1962 811 2056 900 apud
2076 808 2130 878 Μ.
2222 858 2231 877 .

91 910 189 984 hunc
204 936 342 997 casum,
368 915 429 1006 qui
445 915 515 981 iam
532 914 670 998 accidit,
694 914 822 982 metui:
847 915 907 982 sed
926 936 1085 1005 quocun·
1138 908 1400 984 Sebastianum
1430 909 1736 990 Wioshcmium;
1770 927 1870 1006 pater
1901 937 1941 981 ex
1970 902 2129 980 Parthe-

94 1040 165 1110 que
183 1017 310 1085 cadent
327 1013 498 1105 Imperia,
523 1015 619 1084 Deus
633 1016 786 1084 servabit
800 1011 1003 1083 Ecclesiam.

194 1115 467 1206 Quamprimum
484 1129 704 1206 tempestates
719 1129 822 1184 erunt
836 1116 1008 1200 mitiores,
1023 1138 1082 1182 ve-

89 1217 190 1289 niam
220 1218 264 1286 ad
296 1240 375 1301 vos,
410 1231 443 1286 et
473 1218 518 1284 de
544 1216 674 1287 multis.
693 1218 799 1285 rebus
823 1217 1004 1285 vobiscum
1029 1216 1083 1283 lo-

90 1343 192 1412 quar.
245 1316 353 1406 Quod
375 1319 562 1408 pecuniam
583 1313 653 1387 huc
670 1317 833 1402 misistis,
858 1340 1007 1407 agnosco
1023 1341 1084 1384 ve-

90 1437 199 1492 stram
233 1419 494 1487 solicitudinem
527 1433 562 1488 et
592 1420 874 1488 benevolentiam
901 1443 980 1508 erga
1007 1443 1083 1489 nos.

89 1518 222 1612 Accepi
242 1517 292 1588 50
316 1514 567 1604 loacbimicos,
603 1521 647 1588 de
677 1522 808 1612 quibus
830 1517 1082 1589 Matlrematico

90 1622 210 1691 statim
232 1622 315 1690 dedi
336 1622 468 1690 decem.
520 1620 574 1691 De
592 1622 739 1715 reliquis
761 1622 847 1689 iussi
864 1632 1002 1691 sumere
1018 1620 1082 1687 filii

88 1720 356 1811 Paedagogum,
386 1723 528 1814 quondo
544 1722 650 1796 volet.
701 1721 792 1791 Nam
810 1747 906 1791 nunc
922 1723 1081 1790 nondum

88 1823 130 1892 in
158 1848 231 1892 una
261 1847 381 1891 mensa
411 1846 550 1909 sumus,
583 1824 666 1915 quia
694 1823 919 1892 incommode
948 1818 1082 1893 habito.

87 1922 224 1993 Vinum
241 1919 355 1991 adhuc
370 1918 505 2007 habco,
529 1938 569 1995 ut
583 1947 707 2013 spero,
731 1948 794 2013 per
809 1925 897 1992 duos
911 1946 1057 1993 menses.

192 2024 302 2093 Multi
329 2037 534 2107 suaserunt,
567 2038 608 2096 ut
635 2025 707 2092 iam
730 2023 889 2114 Lipsiam
919 2024 1006 2091 irem
1037 2024 1081 2090 ad

83 2117 389 2216 Landgrauium.
427 2124 560 2216 Scripsi
575 2126 627 2215 ei,
655 2126 715 2194 sed
734 2139 773 2194 ut
788 2125 894 2194 vitem
911 2123 1081 2215 suspicio-

82 2248 152 2296 nes
167 2226 364 2295 multorum
378 2226 416 2293 in
431 2239 581 2318 utraqu'e
594 2240 705 2319 parte,
726 2249 800 2294 non
816 2227 953 2297 accessi.
988 2224 1079 2293 Novi

81 2327 272 2419 utriusque
288 2325 465 2419 Principis
479 2324 654 2397 Electoris
669 2341 703 2395 et
718 2327 836 2415 agnati
852 2327 1082 2410 voluntatem,

85 2443 124 2498 et
145 2424 389 2495 Co'nsiliarios.
448 2426 554 2512 ldeo,
586 2441 758 2521 quantum
783 2428 894 2518 possit
919 2427 1080 2496 obtinere

56 2573 62 2579 -
84 2521 379 2620 Landgraeius‚
405 2529 543 2602 dubito.
594 2529 664 2600 Sed
681 2530 797 2599 Deum
811 2554 885 2612 oro,
909 2543 951 2598 ut
964 2529 1081 2598 flectat

84 2631 224 2701 animos
249 2627 456 2720 Principum
489 2630 533 2700 ad
568 2652 668 2699 suam
701 2644 735 2699 et
770 2632 894 2722 populi
919 2630 1079 2703 salutem.

82 2728 233 2825 Equites
249 2728 445 2818 Hungarici
469 2754 631 2820 magnam
647 2732 890 2801 crudelitatem
905 2733 945 2801 in
961 2745 1080 2800 nostra

83 2834 216 2902 uicinia
233 2846 412 2917 exercent,
438 2833 566 2922 passim
582 2829 794 2922 grassantur,
820 2847 854 2902 et
869 2833 1079 2922 impediunt,

83 2959 132 3003 ne
153 2935 192 3001 in
213 2934 386 3023 oppidum
407 2929 667 3026 Witebergam
684 2929 806 3003 invehi
822 2948 926 3024 potus
942 2949 975 3003 et
990 2934 1079 3001 aliae

80 3058 142 3103 res
164 3034 378 3104 necessariae
401 3036 549 3123 possint.
601 3035 696 3105 Deus
712 3037 840 3105 liberet
854 3058 930 3111 nos.
981 3033 1079 3104 Bene

79 3136 211 3207 valete.
263 3132 329 3201 Die
344 3134 380 3207 Ξ.
395 3135 611 3212 Decembris.

828 3233 1027 3328 Philippus.

78 3573 149 3646 No.
167 3571 278 3647 3642.

87 3670 261 3701 Μ

470 3563 477 3571 ’
575 3580 653 3659 (fere
667 3583 697 3640 d.
713 3578 1077 3664 2.Deob.lllagdeburgi.)

619 3673 1050 3709 m

465 3762 514 3847 P.
543 3763 695 3848 Eburo.

152 3925 238 3999 Epist·
256 3926 305 3984 lib.
319 3925 353 3980 ll.
372 3943 399 3996 p.
416 3924 475 3978 140.
497 3925 573 3992 (edit.
593 3925 683 3980 Lond.
702 3924 748 3979 lib.
764 3925 797 3979 ll.
817 3945 860 3999 ep.
874 3927 955 3996 tto).

362 4081 419 4156 D.
446 4078 598 4155 Paulo
624 4081 791 4155 Ebero.

68 4211 126 4306 S.
148 4225 193 4301 D.
247 4228 408 4318 Gratiam
426 4229 492 4298 tibi
508 4224 621 4298 habeo
637 4230 679 4297 de
692 4228 883 4318 scriptione
899 4222 1076 4323 Geneseos

78 4331 148 4401 titii
166 4333 213 4403 D.
231 4324 421 4414 Plicardi,
454 4354 561 4423 quam
581 4343 615 4400 et
637 4326 802 4396 Erasmo
824 4330 981 4413 ostendi,
1014 4331 1076 4422 qui

77 4433 279 4527 posteritati
295 4433 489 4520 gratulatus
506 4445 558 4502 est
574 4432 641 4501 tale
660 4431 853 4521 ingenium.
891 4428 1075 4517 Significa-

77 4532 197 4605 tiones
221 4549 314 4604 certe
337 4546 420 4602 sunt
444 4533 598 4603 illustres
621 4546 764 4603 naturae
786 4531 922 4623 capacis
942 4532 1076 4601 doctri·

77 4659 231 4720 narum,
255 4651 289 4706 et
304 4631 489 4705 habiturae
502 4637 547 4704 ad
560 4635 727 4706 virtutem
743 4636 897 4723 egregios
911 4635 1076 4725 impetus,

78 4748 117 4809 et
144 4740 189 4808 ael
222 4738 457 4830 eloquentiam
486 4736 645 4810 idoneae.
708 4735 781 4805 Nec
811 4748 927 4804 tamen
955 4757 1075 4804 sumus

77 4834 218 4925 Stoici,
243 4840 305 4932 qui
326 4840 371 4909 ab
394 4835 597 4933 εἱμαρμένῃ
617 4838 862 4929 suspendimus
877 4835 1010 4920 Deum,
1034 4851 1075 4906 ut

74 4934 226 5039 Iupiter
240 4964 320 5010 suos
336 4942 461 5010 fratres
477 4953 510 5008 et
526 4939 617 5008 filios
632 4941 675 5007 de
691 4951 810 5008 catena
828 4940 922 5029 apud
937 4935 1074 5007 Home-

76 5066 162 5114 rum
179 5043 388 5135 suspendit.
447 5041 517 5113 Sed
544 5064 627 5111 vere
650 5041 865 5110 affirmamus
888 5040 1073 5141 liberrimo

109 5280 138 5348 ⁸)
155 5279 465 5348 nostratuum..
483 5282 632 5339 Saubertus
646 5278 745 5338 edidit:
766 5280 883 5340 aulaN,

1138 1038 1227 1110 nepe
1245 1040 1324 1085 eum
1342 1031 1453 1088 vocat.
1502 1015 1599 1086 Bene
1615 1018 1702 1093 vale.

1136 1349 1202 1420 No.
1218 1345 1332 1422 3643.

1142 1444 1313 1472 Μ

1776 1362 1808 1420 8.
1823 1351 1918 1414 Deob.
1935 1351 2106 1434 (Magdeb.)

1754 1443 2123 1478 w

1466 1548 1519 1634 V.
1556 1551 1790 1635 Theodoro.

1202 1703 1279 1757 nate.
1295 1702 1456 1756 asanaa>
1469 1703 1496 1756 a
1510 1683 1626 1776 append.
1640 1725 1702 1776 epp.
1714 1707 1762 1761 ns.
1776 1707 1823 1763 ιν.
1859 1709 1925 1764 ‚aa
1949 1707 2126 1764 consata-o-

1236 1773 1388 1842 lographon
1402 1772 1587 1827 Melanthonis
1601 1775 1629 1828 in
1643 1779 1706 1829 cod.
1719 1725 1865 1832 Monacl
1879 1797 1907 1849 p.
1922 1777 1983 1832 646.

1133 1940 1187 2019 D.
1208 1896 1325 2021 istro
1349 1940 1388 2014 T
1393 1939 1514 2013 heod
1519 1969 1614 2027 oro,
1647 1943 1790 2018 docenti
1808 1946 2059 2045 Euangelium
2083 1946 2124 2019 ia

1218 2041 1388 2115 Ecclesia
1403 2041 1483 2115 Dei
1497 2046 1536 2116 in
1553 2043 1797 2142 inclyla‘urbe
1812 2047 2038 2144 Nariherga.

1132 2175 1177 2263 S.
1202 2192 1248 2268 D.
1298 2193 1421 2284 Nuper
1442 2186 1486 2264 a‘d
1511 2197 1609 2265 tede
1635 2189 1794 2291 Georgia
1808 2193 1964 2269 Maiore
1987 2200 2124 2291 scripsi.

1132 2294 1236 2364 Nunc
1261 2297 1384 2365 eodem
1405 2311 1611 2385 argumento
1632 2300 1817 2390 epistolam
1839 2304 1883 2371 ad
1902 2295 2124 2397 Philippum

1133 2390 1327 2490 Gluespies
1349 2398 1469 2481 mitto,
1495 2398 1574 2489 qui,
1601 2423 1680 2467 cum
1703 2402 1906 2472 tabellarios
1929 2417 2041 2472 certos
2057 2397 2123 2472 ha-

1132 2499 1212 2569 heat
1234 2498 1278 2566 ad
1295 2490 1495 2589 Georgium
1510 2492 1667 2584 Romer,
1699 2502 1831 2592 poteris
1852 2516 1887 2572 et
1908 2517 1987 2573 tuas
2002 2504 2123 2574 literas

1131 2602 1175 2669 ad
1206 2623 1271 2668 nos
1295 2591 1456 2692 Georgia
1477 2592 1617 2668 Romer
1634 2606 1899 2688 commendare,
1932 2604 2123 2676 mittendas

1131 2703 1176 2769 ad
1199 2694 1417 2796 Philippum
1444 2694 1649 2797 GlaespieS.
1708 2702 1929 2792 Quaeramus
1957 2707 2054 2775 enim
2081 2707 2123 2774 in

1131 2799 1196 2872 hac
1220 2816 1418 2893 temporum
1438 2804 1644 2874 difficultate
1663 2805 1738 2873 rias
1758 2807 1872 2875 literis
1889 2808 2038 2892 nostris,
2064 2830 2121 2889 ne,
2245 2835 2248 2839 ’

1131 2904 1267 2973 amissis
1296 2917 1368 2972 tam
1398 2906 1520 2973 multis
1546 2906 1624 2974 aliis
1652 2906 1744 2975 vitae
1768 2908 1980 2992 commodis,
2015 2908 2121 2977 etiam
2216 2992 2218 2997 A

1131 3007 1324 3074 amicorum
1339 3006 1515 3098 colloquia
1531 3007 1742 3078 amittamus.
1790 3002 1973 3099 Georgius
1987 3003 2120 3076 Maior

1130 3108 1262 3174 servire
1278 3104 1454 3174 Ecclesiae
1471 3119 1602 3175 vestrae
1619 3108 1727 3196 cupit.
1762 3105 1809 3176 Et
1825 3103 2012 3178 habiturus
2028 3131 2120 3177 esses

1130 3199 1372 3300 παραστάτην
1398 3208 1528 3290 fidum,
1567 3220 1602 3275 et
1630 3208 1675 3275 ad
1700 3210 1868 3277 tuendam
1892 3209 2119 3279 concordiam

1130 3311 1310 3378 idoneum.
1360 3305 1426 3378 Est
1443 3320 1559 3376 autem
1576 3308 1726 3378 disertus
1738 3310 1776 3377 in
1792 3311 2058 3396 concionando,
2084 3324 2119 3382 et

1130 3434 1214 3477 voce
1238 3433 1311 3478 non
1336 3409 1487 3482 infirma.
1544 3406 1687 3496 Quare,
1711 3410 1741 3479 si
1764 3411 1795 3479 ei
1817 3414 1915 3481 locus
1937 3413 2030 3502 apud
2055 3433 2118 3481 vos

1130 3534 1203 3580 esse
1218 3523 1350 3603 potest,
1375 3512 1557 3593 annitere‚'
1575 3523 1613 3578 ut
1625 3525 1833 3585 accersatur.
1882 3508 2005 3603 anue
2020 3514 2118 3584 dere

1130 3614 1234 3681 nobis
1263 3626 1297 3680 et
1329 3612 1397 3702 ipsi
1430 3611 1587 3682 scribito.
1649 3610 1788 3682 Literae
1814 3637 1877 3703 per
1900 3606 2118 3709 Philippum

1129 3709 1323 3808 Gluespies
1343 3726 1437 3781 recte
1453 3713 1545 3781 mitti
1559 3725 1737 3802 poterunt.
1788 3711 1865 3783 Hoc
1883 3716 2062 3804 negotium
2079 3730 2118 3786 ut
2148 3764 2153 3771 ·

1129 3817 1314 3907 suscipias,
1339 3814 1494 3904 primum
1508 3811 1686 3882 Ecclesiae
1702 3828 1780 3883 tuae
1795 3816 1965 3900 utilitate,
1990 3817 2118 3885 deinde

1129 3917 1199 3985 riri
1223 3916 1350 4008 optimi
1372 3914 1477 3982 exilio
1501 3914 1684 3985 movearis.
1741 3913 1832 3984 Cum
1853 3917 1946 3986 enim
1968 3931 2003 3987 et
2025 3932 2118 3987 recte

1129 4019 1288 4087 eruditus
1311 4017 1375 4100 sit,
1401 4028 1436 4083 et
1458 4016 1610 4084 candore
1633 4015 1768 4103 ingenii
1785 4019 1911 4087 eximio
1931 4020 2120 4108 praeditus,

1128 4132 1162 4188 et
1185 4143 1306 4188 amans
1329 4115 1536 4186 concordiae
1553 4117 1733 4206 publicae,
1767 4143 1893 4208 magno
1910 4133 2116 4189 ornamento

1129 4244 1201 4290 csse
1220 4218 1398 4289 Ecclesiae
1420 4230 1553 4286 vestrae
1576 4218 1713 4306 poterit.
1769 4216 1819 4288 Et
1841 4221 1939 4310 pium
1962 4219 2117 4288 officium

1128 4334 1180 4390 est
1221 4314 1532 4416 ‹pvyudeatls‘usae
1568 4315 1631 4388 did
1664 4316 1877 4415 εὐαγγέλιον
1913 4311 1953 4389 εὖ
1986 4323 2116 4397 ποιεῖν.

1127 4418 1224 4491 Bene
1244 4422 1331 4494 vale.
1380 4418 1448 4489 Die
1464 4420 1499 4493 8.
1512 4417 1716 4489 Decembris
1731 4421 1770 4486 in
1785 4421 1873 4488 urbe
1886 4416 2118 4512 Parthenope.

1638 4514 1826 4610 Philippus
1842 4517 2067 4598 Melanthon.

1126 4853 1192 4925 No.
1211 4848 1323 4925 3644.

1133 4948 1304 4978 Μ

1961 4871 1991 4930 3.
2009 4859 2104 4927 Dseb.

1394 5050 1451 5131 H.
1479 5045 1846 5163 Baumgartaero.

1194 5207 1352 5336 Epgqqnlilp:
1369 5208 1468 5350 ζῐφρ.
1487 5212 1537 5269 124
1554 5229 1595 5286 sq.
1618 5245 1654 5260 -
1693 5211 1747 5271 llic
1770 5232 1801 5268 ex
1825 5209 1992 5285 autographo
2009 5210 2039 5267 in
2053 5209 2116 5272 cod.
