4748 6022
80 341 159 414 233

87 525 123 584 et
140 508 287 601 privatis
305 502 456 598 negotiis
472 532 671 594 sermones,
698 532 739 577 ex
762 508 891 600 quibus
912 530 991 576 mea
1014 530 1078 575 vo-

17 640 20 645 ·
86 615 206 683 luntas
228 633 307 701 erga
323 608 596 701 Rempnblicarn
619 611 721 680 vobis
740 609 860 700 potuit
881 632 954 678 esse
975 609 1078 699 peni·

88 729 144 784 tus
166 725 356 802 perspecta.
415 709 463 783 Et
483 736 620 803 semper
648 736 711 782 vos
737 711 865 795 dilexi,
904 723 939 780 et
968 710 1077 797 diligo

51 834 54 839 ’
84 829 234 907 propter
246 813 424 885 virtutem.
473 812 512 883 Si
535 815 620 905 quid
643 812 775 884 accidet
797 806 888 879 mihi
910 811 1078 902 asperius,

85 929 127 986 ut
141 914 253 983 multa
268 914 468 982 acciderant
482 914 569 982 viris
592 914 752 1005 optimis,
779 925 812 981 et
832 914 871 980 in
891 909 948 981 his
960 906 1077 981 Bom-

83 1022 273 1110 gartnero,
299 1012 374 1082 Deo
390 1015 543 1098 iuvante,
559 1017 678 1084 feram
692 1039 803 1106 aequo
820 1014 950 1086 animo.
983 1012 1075 1093 Scio,

85 1114 174 1188 haec
200 1139 273 1184 esse
296 1115 421 1183 usitata
448 1115 486 1183 in
508 1117 671 1186 civilibus
696 1117 901 1198 discordiis,
935 1116 996 1182 sed
1021 1137 1076 1181 me

86 1217 300 1288 conscientia
325 1229 438 1285 rectae
460 1217 651 1286 voluntatis
673 1231 708 1287 et
729 1216 867 1306 piarum
884 1217 1076 1284 sententia-

86 1345 168 1390 rum
195 1329 362 1388 sustento.
429 1315 571 1386 Gratias
602 1320 704 1387 vobis
736 1340 800 1404 ago
827 1319 982 1406 primum
1009 1340 1074 1406 pro

87 1410 338 1489 amantissimis
359 1417 489 1497 literis,
524 1432 558 1487 et
581 1420 835 1488 consolatione:
866 1417 994 1485 deinde
1010 1441 1074 1507 pro

46 1580 51 1594 ,
86 1523 194 1603 vino,
219 1519 281 1590 etsi
299 1518 450 1602 nollem,
475 1543 537 1588 vos
554 1534 713 1611 sumptus
729 1542 805 1587 mea
829 1541 931 1587 causa
953 1520 1075 1588 facere.

87 1620 207 1690 llodie
224 1645 242 1687 a
260 1620 332 1688 filia
349 1643 426 1687 mea
441 1619 560 1688 literas
583 1617 827 1692 honestissime
848 1620 993 1710 scriptas
1016 1643 1075 1688 ac-

88 1723 176 1813 cepi.
226 1718 323 1790 Deus
346 1744 423 1788 eam
450 1735 564 1791 servet
584 1737 618 1793 et
640 1737 755 1813 regat,
790 1734 823 1789 et
844 1734 959 1790 servet
972 1736 1005 1791 et
1019 1745 1075 1788 re-

86 1836 147 1910 gat
163 1845 225 1890 vos
240 1835 274 1890 et
288 1845 355 1889 me.
405 1819 502 1889 Bene
524 1823 648 1897 valete.
697 1821 765 1892 Die
790 1821 901 1889 natali
919 1818 961 1893 B.
978 1821 1080 1910 Virg.'

86 1923 245 2008 Mariae,
268 1921 394 1991 Matris
408 1916 552 1995 Christi.

765 2016 964 2112 Philippus.

89 2269 601 2282 —Q—-m---n---m—-v

88 2439 154 2512 No.
172 2438 284 2516 3556.

94 2536 265 2565 m

354 2703 372 2724 ,ν
398 2641 446 2729 P.
485 2576 758 2727 Medmanno,

807 2512 809 2517 ,
899 2449 957 2514 14.
973 2443 1076 2525 Septb.

908 2534 1079 2560 Μ

666 281 1104 410 nrrsronlnun
1155 332 1267 409 nte.
1296 334 1345 411 x.
1399 331 1570 410 soso.-

2039 316 2116 405 ess

1940 515 1997 580 14.
2011 509 2115 593 Septb.

1429 755 1432 759 ‚
1469 687 1808 774 Testimonium.''

1195 843 1304 898 Editum
1322 844 1350 898 in
1370 844 1468 900 consil.
1486 845 1556 901 Met.
1574 848 1616 902 ed.
1637 846 1726 900 Peeel.
1741 847 1775 900 1t;
1795 845 1829 916 p.'
1838 845 1897 898 171.
1932 845 2014 902 Nunc
2030 861 2116 902 accu-

1230 913 1313 967 ratius
1331 925 1359 968 et
1372 914 1477 985 integre
1498 933 1513 967 e
1531 916 1593 972 cod.
1613 914 1696 970 Goth.
1715 915 1776 968 tot.
1794 933 1821 985 p.
1840 913 1908 967 88¹³.

1127 1069 1276 1143 Literae
1297 1070 1561 1142 testimoniales
1585 1067 1722 1143 Petri
1741 1061 1989 1154 Caesaris,
2012 1069 2114 1141 mili-

1260 1172 1328 1258 tis,
1353 1173 1509 1271 scriptae
1525 1200 1550 1243 a
1566 1169 1668 1249 Phil.
1685 1169 1930 1245 Melanthone
1946 1171 1989 1269 ¹).

1126 1286 1312 1391 Eximium
1328 1304 1395 1375 Dei
1412 1309 1545 1377 donum
1562 1332 1628 1398 pax
1644 1322 1705 1393 est,
1730 1309 1919 1398 petendum
1936 1302 2059 1389 aDeo,
2081 1316 2116 1373 et

1126 1409 1291 1477 omnibus
1306 1402 1464 1477 honestis
1479 1409 1623 1488 officiis,
1643 1422 1678 1478 et
1693 1409 1864 1498 singulari
1874 1405 2116 1503 moderatione
2148 1414 2150 1417 ’

1126 1510 1357 1600 cupiditatum
1372 1511 1554 1582 tuendum.
1589 1508 1657 1579 Sed
1668 1506 2117 1601 cumsaepediabolietim-

1125 1611 1264 1703 piorum
1274 1606 2117 1693 hominumfuroribusbcllamoveantur,iustum

1126 1725 1195 1795 est,
1220 1712 1292 1779 vim
1308 1712 1440 1780 illatam
1458 1712 1642 1802 depellere,
1665 1725 1698 1780 et
1711 1712 1852 1802 piorum
1867 1709 2067 1780 obedientia
2076 1708 2116 1774 in

1126 1812 1220 1882 bello
1236 1813 1429 1881 necessario
1446 1814 1555 1902 pietas
1569 1827 1620 1882 est
1632 1808 1708 1881 Deo
1724 1814 1827 1881 valde
1848 1825 1955 1901 grata.
2006 1808 2117 1879 Sunt·

1127 1937 1196 2005 que
1211 1914 1299 1981 duae
1316 1937 1437 1982 causae
1453 1913 1668 2003 praecipuae,
1684 1932 1829 2005 propter
1841 1910 2012 2005 quasviro
2030 1910 2116 1978 forti

1127 2013 1318 2102 gloriosum
1334 2026 1385 2082 cst
1405 2015 1497 2083 iusta
1512 2037 1607 2081 arma
1624 2037 1767 2104 capere,
1788 2014 1921 2083 scilicet
1933 2033 2035 2080 verae
2049 2012 2116 2080 do-

1130 2115 1263 2183 ctrinae
1288 2128 1323 2184 et
1339 2114 1545 2204 disciplinae
1565 2114 1740 2199 defensio,
1762 2127 1796 2184 et
1809 2114 1981 2205 protectio
2002 2110 2115 2180 imbe-

1128 2215 1276 2285 cillium.
1329 2214 1427 2302 Quas
1447 2236 1567 2284 causas
1586 2215 1793 2303 significavit
1816 2209 2023 2307 Alphonsus
2042 2235 2116 2295 rex,
2208 2210 2212 2221 '

1122 2317 1189 2407 ‘qni
1207 2315 1321 2404 pinxit
1334 2316 1535 2407 symbolum
1550 2315 1749 2404 pelicanum
1764 2316 1959 2385 fodientem
1971 2313 2041 2381 sibi
2053 2336 2116 2402 pe·

1127 2429 1202 2484 ctus
1217 2429 1250 2484 et
1270 2416 1439 2504 sanguine
1456 2439 1519 2484 suo
1534 2417 1651 2504 pullos
1667 2417 1838 2500 alentem,
1859 2429 1892 2485 et
1908 2414 2043 2484 addidit
2057 2414 2114 2480 in-

1127 2516 1370 2606 scriptionem:
1394 2540 1463 2611 pro
1478 2512 1554 2609 lege
1570 2523 1601 2584 et
1615 2539 1738 2609 grege.

1229 2615 1381 2701 †„Cum
1396 2619 1504 2706 igitur
1525 2618 1594 2686 iam
1609 2618 1854 2687 denuntiatum
1876 2618 2010 2706 lrellum
2033 2639 2114 2685 coa-

1031 2771 1037 2794 .
1128 2718 1206 2804 „cti
1239 2720 1312 2788 sint
1344 2719 1520 2809 depellere
1550 2714 1649 2787 Dua·
1668 2714 1862 2788 Saxoniae
1884 2716 2046 2798 Elector,
2080 2730 2114 2786 et

159 2814 236 2871 Edita
255 2815 284 2870 in
306 2815 460 2870 Gabbemae
479 2817 555 2886 epist.
578 2817 682 2871 clariss.
701 2815 786 2870 viror.
805 2833 831 2885 p.
849 2813 893 2868 86.

14 3051 17 3056 ¹
89 2957 249 3039 Clariss.
276 2967 370 3052 ciro,
412 2965 613 3037 eruditione
647 2976 679 3036 et
710 2966 838 3036 virtute
868 2963 1080 3062 praestanti

87 3063 223 3139 Petro
235 3065 288 3137 M
296 3065 538 3153 edmanno,
551 3068 678 3165 fratri
688 3091 755 3137 suo
771 3066 962 3138 carissimo
974 3063 1014 3139 S.
1024 3061 1078 3135 D.

71 3198 226 3294 ,Carisa
249 3218 363 3287 Petre.
412 3215 487 3286 Nos
514 3218 622 3305 igitur
642 3231 682 3286 ut
705 3218 743 3284 in
765 3230 887 3285 ventre
910 3216 998 3285 caeti
1019 3213 1076 3283 lo-

87 3344 173 3404 nas,
199 3321 246 3389 ita
271 3321 309 3386 in
335 3318 451 3387 medio
474 3315 581 3387 huius
604 3318 757 3405 regionis
780 3341 920 3399 sumus,
946 3317 984 3382 in
1008 3339 1074 3406 qua

88 3424 213 3510 ingens
241 3420 374 3487 bellum
405 3420 523 3488 subito
549 3419 691 3501 exarsit;
719 3419 756 3484 in
781 3443 850 3510 quo
875 3430 915 3486 ut
945 3438 1076 3507 poenas

86 3522 224 3610 mitiget
238 3518 353 3604 Deus,
375 3534 448 3589 toto
464 3544 544 3589 eum
559 3532 697 3610 pectore
712 3543 786 3591 oro.
819 3517 986 3586 Nondum
1003 3517 1074 3585 dis-

89 3626 197 3716 sipata
215 3636 266 3691 est
280 3618 481 3692 Academia.
524 3618 592 3688 Sed
612 3620 641 3685 si
656 3619 826 3686 exercitus
842 3619 880 3684 in
897 3613 982 3687 haec
997 3618 1073 3686 loca

89 3723 285 3806 accesserit,
324 3722 387 3814 qui
413 3721 483 3788 iam
518 3719 707 3787 in'litture
738 3732 853 3787 vestro
885 3719 1073 3806 colligitur,

88 3822 172 3896 haec
194 3836 312 3892 nostra
335 3821 466 3904 studia,
492 3844 582 3912 qnae
603 3820 757 3909 profecto
772 3843 844 3886 non
863 3821 953 3887 male
971 3821 1072 3888 insti-

87 3941 160 3998 tuta
177 3927 332 4002 fuerunt,
349 3923 387 3989 in
403 3921 567 3990 omnibus
580 3920 776 4010 disciplinis
790 3921 971 4009 perterrita
987 3945 1073 3990 con-

88 4028 265 4099 ticescent.
315 4022 377 4092 Me
394 4023 423 4092 si
437 4023 515 4114 quis
530 4043 628 4090 casus
643 4022 837 4111 opprimet,
860 4022 970 4092 leniet
983 4017 1071 4089 mihi

89 4130 248 4199 dolorem
269 4121 355 4193 haec
373 4148 455 4192 vera
479 4122 710 4204 conscientia,
736 4124 829 4213 quod
847 4124 917 4191 seio
933 4147 988 4190 me
1005 4126 1071 4192 do-

88 4230 236 4300 ctrinam
252 4228 376 4296 utilem
392 4223 568 4294 iuventuti
582 4222 784 4304 tradidisse,
810 4235 844 4291 et
855 4223 1071 4312 explicatam,

88 4356 167 4401 cum
183 4352 309 4418 magna
325 4339 413 4395 esset
429 4326 641 4416 opinionum
657 4324 828 4392 confusio.
864 4321 917 4389 Te
929 4347 1072 4414 quaeso,

86 4446 140 4513 nt,
155 4434 269 4501 donec
282 4427 438 4520 colloqui
453 4449 649 4517 possumus,
672 4426 716 4494 ad
731 4423 944 4495 meseribas.
973 4421 1070 4492 Bene

398 4555 406 4579 .
512 4522 560 4595 ¹².

86 4532 187 4661 vale:
213 4530 312 4600 XIV.
327 4528 498 4601 Nosemb·
533 4524 550 4619 )
592 4636 778 4732 phillpPu⁸
800 4638 1024 4716 Melanthon.

90 4836 303 4855 ,,,,,-.........

121 4942 151 5012 *)
170 4943 200 4994 ln
218 4956 311 4994 mense
323 4955 403 4988 error
417 4944 464 4988 est.
500 4933 566 4986 Nam
583 4950 649 5000 quae
662 4931 755 4985 scribit
769 4932 833 4985 Mel.
849 4950 903 4984 non
920 4930 971 4984 nisi
985 4932 1070 4985 mensi

154 5007 313 5077 Septembri
335 5003 512 5059 conveniunt.
556 5001 642 5066 Puto,
669 5000 864 5054 Medmannom
889 5000 916 5052 d.
935 5001 975 5055 14.
999 4999 1068 5055 Nor.

53 5134 57 5139 ,
155 5077 296 5150 epistolam
309 5072 452 5142 accepisse,
469 5072 549 5139 idque
560 5067 725 5138 autographo
735 5068 916 5136 inscripsisse,
933 5068 1065 5121 editorem

157 5155 246 5199 autem
259 5143 331 5196 bunc
345 5141 416 5193 diem
430 5141 458 5192 in
472 5138 525 5191 line
536 5137 679 5204 addidisse,
696 5135 768 5202 quod
782 5138 814 5189 ab
830 5137 932 5189 editore
948 5134 1010 5189 libri
1022 5136 1067 5193 Vl.

155 5211 329 5286 epistolarum
349 5227 457 5279 quoque
470 5207 575 5276 saepius
592 5206 694 5257 sactum
712 5221 771 5256 esse
789 5205 975 5275 cognovimus.
1010 5204 1066 5258 Ne-

155 5302 207 5354 que
232 5278 305 5333 enim
330 5279 371 5330 14.
390 5277 484 5347 Septb.
505 5274 650 5328 commode
672 5273 771 5341 scripta
788 5273 893 5326 videtur
930 5291 1013 5343 quum
1032 5292 1065 5327 eo

150 5362 274 5421 tempore
291 5344 358 5399 Mel.
381 5346 434 5398 iam
458 5343 597 5426 cognitum
620 5341 757 5404 habuerit,
780 5341 872 5412 copias
920 5359 1065 5396 urenenses

150 5437 206 5473 non
223 5419 252 5470 in
270 5412 370 5470 ricinis
389 5409 533 5466 Wesslne
550 5409 662 5479 versari,
691 5411 737 5463 sed
760 5409 813 5463 iam
831 5409 957 5464 Rhenum
981 5429 1066 5482 prope

150 5483 323 5558 Mogontiaci
346 5479 492 5535 traiecisse.

1126 2812 1425 2912 „Landgrarius
1445 2817 1625 2905 Hassiae,
1658 2834 1692 2890 et
1715 2820 1840 2889 caeteri
1862 2818 2050 2903 foederati,
2079 2830 2113 2886 et

1126 2923 1324 3007 „adversus
1341 2944 1400 2990 eos
1412 2935 1609 3011 susceptum
1624 2921 1670 2990 sit
1684 2921 1836 3003 bellurn,
1851 2932 1890 2989 ut
1908 2919 2014 2988 simul
2028 2941 2111 2987 vera

1127 3022 1317 3107 „doctrina
1340 3012 1532 3100 deleretur,
1560 3035 1594 3091 et
1623 3022 1875 3090 inducerentur
1899 3020 1937 3087 in
1959 3016 2110 3086 Germa·

1125 3123 1249 3215 „niam
1264 3123 1391 3211 impiae
1409 3136 1443 3191 et
1459 3145 1579 3191 saevae
1594 3122 1772 3206 nationes,
1791 3144 1867 3188 non
1883 3120 2033 3189 dubium
2049 3132 2111 3203 est,

1126 3226 1351 3310 „foederatos
1367 3223 1497 3292 iustum
1513 3222 1646 3291 bellum
1662 3236 1695 3291 et
1709 3246 1793 3290 vero
1809 3246 1874 3312 pro
1890 3211 2016 3309 lege'et
2031 3243 2110 3309 gre-

1127 3346 1197 3411 „ge
1211 3347 1339 3412 gerere.
1373 3321 1480 3410 Quod
1498 3347 1576 3391 curn
1593 3324 1639 3391 ita
1655 3317 1745 3393 sit”²
1755 3320 1792 3415 ),
1803 3396 1804 3400 ,
1816 3324 1873 3412 pie
1889 3323 2025 3392 faciunt
2041 3321 2109 3387 mi-

1126 3428 1224 3504 lites,
1264 3425 1325 3517 qui
1359 3420 1450 3492 hanc
1485 3425 1724 3492 defensionem
1755 3423 1895 3492 fortiter
1928 3415 2134 3490 adiuvant.

1125 3526 1243 3614 Quare
1266 3539 1299 3594 et
1322 3520 1428 3593 huius
1449 3517 1553 3592 Petri
1573 3517 1764 3603 Caesaris,
1798 3524 1873 3591 nati
1904 3524 1943 3591 iu
1976 3519 2108 3614 oppido

1124 3627 1308 3719 Mysorum
1324 3617 1546 3718 Geutben³),
1562 3626 1723 3694 voluntas
1740 3625 1916 3694 laudanda
1933 3624 2107 3714 est,†qui

1123 3728 1287 3796 exercitui
1304 3728 1561 3796 foederatorum
1576 3727 1762 3795 adiunctus
1776 3741 1826 3797 est
1835 3725 1860 3809 ”,
1880 3750 1983 3817 quem
2002 3737 2107 3794 testa-

1123 3819 1319 3918 mur'antea
1336 3827 1570 3921 quadriennio
1590 3828 1629 3894 in
1644 3824 1832 3896 Academia
1850 3840 1968 3896 nostra
1984 3827 2106 3893 mode-

1122 3943 1174 4000 ste
1190 3931 1315 3997 vixisse
1333 3945 1367 3998 et
1379 3929 1516 4018 pietatis
1534 3940 1568 3996 et
1582 3928 1723 3997 virtutis
1738 3928 1933 4014 doctrinam
1951 3926 2104 3995 studiose

1121 4032 1296 4102 didicisse.
1347 4028 1535 4099 Precamur
1549 4042 1665 4098 autem
1678 4030 1816 4113 Deum,
1842 4043 1881 4099 ut
1895 4031 2017 4097 doceat
2029 4049 2104 4094 nra-

1121 4156 1190 4202 nus
1214 4126 1389 4224 horum*)
1411 4128 1625 4198 exercituum
1645 4130 1691 4198 ad
1710 4130 1903 4221 praelium,
1928 4141 1969 4196 ut
1987 4127 2105 4194 verbis

1120 4231 1253 4302 Psalmi
1269 4244 1426 4315 utamur,
1452 4244 1485 4300 et
1498 4227 1673 4300 Ecclesias
1687 4257 1725 4301 ac
1740 4232 1896 4321 politiae,
1916 4251 2005 4320 quae
2020 4241 2104 4298 suut

1121 4329 1273 4423 hospitia
1283 4329 1520 4401 Ecclesiarum
1535 4347 1705 4422 protegat,
1720 4346 1754 4401 et
1767 4330 1941 4421 placidam
1955 4353 1993 4398 ac
2008 4328 2103 4419 piam

1121 4456 1239 4523 pacem
1265 4447 1408 4524 propter
1432 4434 1684 4503 adolescentiae
1704 4432 1965 4514 educationem,
1999 4430 2103 4500 insti-

1120 4535 1294 4605 tutionem
1311 4548 1344 4605 et
1359 4535 1583 4625 disciplinam
1597 4534 1769 4606 restituat.
1809 4529 1920 4607 Datae
1934 4529 2102 4604 Witten-

1101 4637 1247 4725 ·bergae
1261 4636 1320 4705 die
1337 4634 1557 4706 exaltationis
1571 4634 1700 4719 crucis,
1727 4656 1820 4703 anno
1838 4630 1947 4709 1546.
2003 4669 2006 4677 ¹

1821 4731 1888 4805 Ph.
1912 4733 2001 4806 Mel.

1122 4843 1342 4855 --—-

1155 4927 1180 4993 1)
1203 4923 1280 4976 Caret
1299 4922 1411 4994 epistola
1431 4921 1480 4976 hac
1497 4920 1673 4992 inscriptione
1691 4920 1719 4975 in
1736 4920 1799 4975 eod.
1812 4921 1896 4976 Gotls·
1909 4923 1969 4975 401.

1152 5009 1181 5070 21
1201 5005 1356 5077 Suppressit
1373 5005 1439 5058 haec
1456 5003 1543 5058 Pezel.
1562 5014 1587 5057 et
1603 5002 1702 5057 edidit:
1739 5008 1847 5072 quoties
1865 5006 1951 5070 igitar
1966 5011 2099 5069 geruntur

1187 5079 1261 5128 detta
1278 5077 1368 5144 mata,
1381 5076 1425 5139 pie
1437 5074 1549 5141 sacient
1566 5081 1619 5128 ere.

1151 5160 1179 5226 S)
1198 5158 1268 5217 Cod.
1289 5158 1371 5212 Goth.
1389 5159 1449 5220 401,
1470 5156 1569 5211 Gisen.
1641 5152 1644 5163 '

1149 5243 1179 5313 4)
1199 5240 1289 5298 Percl.
1304 5242 1427 5306 piorum.

1937 599 2108 631 m
2218 594 2226 613 ¹
