4748 6022
138 1278 162 1323 ι.

137 1334 144 1395 3
214 1308 262 1376 ad
270 1297 518 1391 Augustanum
531 1302 642 1371 civem
660 1316 694 1372 et
711 1304 908 1394 exemplum
925 1304 999 1373 cius
1016 1305 1082 1374 tibi
1099 1305 1210 1377 mitto.

137 1418 154 1447 ¹¹.

137 1454 146 1485 ,1

137 1490 142 1503 Ι

208 215 283 293 221

212 381 409 511 Q.
1049 392 1110 459 26.
1128 387 1212 473 Aug.

1033 480 1205 513 m

569 536 634 620 Io.
662 534 848 622 Crotoni.
1034 547 1037 550 ’
1117 537 1120 540 ⁴

284 694 309 764 †
330 693 366 748 lie
380 690 536 765 apographo
549 689 579 747 in
594 693 656 750 cod.
670 693 756 750 Paris.
774 693 810 750 D.
823 695 858 753 1..
875 685 909 749 61
917 696 936 749 ⁵.

217 845 316 925 Viro
335 844 555 934 clarissimo,
582 845 784 919 eruditione
799 858 830 919 et
849 847 979 919 rirtute
991 849 1213 947 praestanti,

212 947 397 1023 Ioanni
420 943 456 1022 C
461 950 639 1033 rotoni,
670 948 710 1023 V
710 949 968 1021 ratisloriensi
975 1007 985 1037 ,
1011 951 1130 1020 amico
1145 976 1213 1022 suo

654 1076 785 1129 corrss.

212 1185 260 1278 S.
284 1199 329 1273 D.
379 1198 590 1270 Doctissime
607 1214 641 1269 et
658 1206 774 1273 cariss.
791 1198 909 1274 Crato.
961 1198 1010 1272 Et
1028 1204 1211 1292 epistolam

212 1403 390 1478 Fortassis
421 1417 557 1486 autem,
590 1417 631 1472 ut
661 1404 747 1472 olim
771 1404 972 1490 dicebatur,
1004 1400 1073 1497 τὴν
1093 1399 1211 1498 τύχην

137 1526 151 1585 a,
212 1499 387 1584 ποικίλως
407 1496 620 1602 ζωγράφων
642 1506 730 1584 roric
751 1500 900 1599 φίλους,
936 1506 985 1575 ita
1004 1531 1069 1576 uos
1086 1508 1124 1574 in
1146 1502 1211 1576 bac

137 1592 155 1687 i,
212 1598 412 1683 calamitate
435 1606 616 1695 pauciores
637 1606 840 1697 respiciunt.
891 1607 963 1678 Sed
978 1622 1096 1678 tamen
1115 1610 1210 1678 iudi-

137 1850 141 1895 .=
210 1813 323 1892 stola,
348 1808 485 1877 etiamsi
501 1808 574 1888 illi,
599 1810 643 1878 ad
661 1831 750 1901 quos
767 1809 901 1892 scribo,
925 1834 1000 1878 non
1014 1810 1209 1882 incenden-

137 1698 150 1767 ἕ
212 1711 261 1784 cii
275 1723 311 1780 et
326 1706 457 1791 amoris
472 1729 551 1795 erga
566 1721 601 1776 te
615 1708 686 1776 mei
701 1707 942 1777 testimonium
957 1710 1026 1780 erit
1043 1732 1119 1779 mea
1134 1710 1208 1801 epi·
1224 1800 1228 1807 ,

212 1928 273 1987 tur
287 1911 420 1981 maiore
436 1909 554 1978 studio
572 1910 634 1978 tui.
685 1906 801 1976 Deum
817 1922 932 1978 autem
949 1924 1130 1980 aeternum
1147 1936 1209 2003 pa-

211 2029 303 2088 trem
326 2009 463 2080 domini
491 2011 604 2079 nostri
624 2008 703 2077 lesu
717 2004 869 2095 Christi,
896 2010 996 2087 carius
1010 2013 1208 2081 doctrinam

208 2142 287 2189 non
317 2114 431 2182 solum
465 2105 765 2203 philosophicam,
806 2112 868 2180 scd
893 2111 1038 2182 alteram
1066 2139 1207 2207 quoque

206 2218 385 2312 prolatam
411 2236 451 2279 ex
475 2236 603 2281 arcano
629 2212 709 2280 sinu
735 2235 798 2303 per
822 2211 958 2298 lilium,
993 2214 1100 2298 colis,
1133 2240 1207 2300 oro,

206 2335 250 2392 ut
265 2332 301 2388 tc
317 2324 429 2384 servet
446 2313 674 2392 incolumem,
701 2325 737 2380 et
750 2313 920 2400 gubernet
937 2328 995 2383 tua
1011 2316 1125 2383 studia
1143 2317 1207 2384 sit-

210 2444 279 2515 que
303 2408 456 2514 ἡγεμών
475 2415 584 2482 totius
605 2409 711 2482 huius
734 2414 872 2482 itineris
898 2415 949 2483 tui
974 2430 1007 2485 et
1021 2418 1205 2486 universae

208 2525 312 2592 vitae.
363 2513 591 2607 Hieronymo
604 2507 797 2582 Schreiber
812 2528 846 2584 et
860 2511 1036 2585 Musonio
1053 2517 1201 2587 salutem

208 2638 303 2716 opto.
354 2617 502 2687 Laetum
527 2616 633 2686 audio
652 2614 869 2705 Noribergae
895 2640 968 2686 csse
993 2619 1201 2705 oculos,<ut

208 2712 354 2817 opinor,
389 2719 560 2788 vitantem
580 2712 618 2811 ³)
638 2721 717 2787 τῶν
733 2714 862 2810 ἱερέων
877 2714 941 2799 οὓς
954 2712 1167 2818 κατήγαγεν
1183 2714 1202 2791 ὅ

208 2811 462 2916 αὐτοκράτωρ,
480 2820 632 2913 quicum
645 2819 812 2888 acerrime
826 2820 994 2888 oderunt:
1022 2820 1090 2892 Sed
1108 2822 1204 2920 salu-

207 2943 276 2999 tem
293 2928 325 2994 ei
342 2922 426 2992 meis
443 2922 561 2989 verbis
580 2919 706 3000 dicito,
731 2922 762 2988 si
777 2944 858 2989 eum
876 2921 1023 2991 videbis.
1075 2917 1132 2992 Ad
1149 2923 1203 2991 vi-

204 3054 286 3100 rum
301 3024 531 3096 clarissimum
545 3021 590 3094 D.
598 3017 627 3089 I
625 3014 832 3089 oachimum
842 3013 1099 3092 Camerarium
1116 3049 1203 3093 ven-

203 3146 328 3202 turum
342 3140 375 3194 te
392 3146 464 3191 esse
480 3145 553 3189 non
572 3123 707 3202 dubito,
733 3124 833 3191 cuius
847 3124 1001 3193 familiae
1016 3126 1202 3195 universae

200 3233 356 3300 salutem
372 3236 446 3293 toto
463 3235 602 3312 pectore
618 3235 713 3310 opto.
751 3221 888 3291 Literas
904 3226 947 3291 ad
966 3248 1045 3293 eum
1062 3241 1200 3296 nostras

202 3333 321 3403 adfert
346 3321 365 3396 ὁ
387 3315 707 3421 γραμματοφόρος
729 3319 1049 3412 Norimbergeusis.
1101 3324 1199 3396 Bene

203 3433 294 3503 vale.
345 3426 381 3498 7.
398 3423 474 3496 Cal.
491 3422 588 3515 Sept.
610 3423 673 3516 qui
696 3422 771 3492 dies
793 3423 863 3493 luit
878 3424 1046 3495 victoriae
1060 3424 1200 3522 ad'Ao-

202 3525 328 3629 ppt...
359 3522 469 3598 1141.
1189 3641 1191 3644 ⁴

538 3617 727 3714 Philippus
744 3618 1004 3720 Melanchtbon
1030 3622 1147 3727 [sic?].

1033 3937 1093 3998 26.
1112 3928 1194 4014 Aug.

1015 4020 1189 4050 m

201 3936 269 4013 No.
283 3925 396 4003 8544.

205 4027 376 4065 nar-⁴

576 4075 819 4156 Herwarto.

267 4253 288 4317 ιι·
304 4244 343 4298 Ex
361 4261 375 4296 a
395 4239 520 4312 ograpbis
536 4239 564 4291 iu
584 4238 647 4292 cod.
662 4235 747 4292 Paris.
768 4234 802 4289 D.
812 4233 842 4286 l..
857 4233 925 4304 54³,
950 4235 1012 4290 eod.
1026 4235 1137 4294 Monac.
1150 4239 1193 4294 88.

298 4312 376 4369 Nat
407 4308 548 4381 .p.115b.
562 4315 588 4359 et
602 4306 663 4360 cod.
679 4303 791 4358 Monac.
804 4302 916 4383 91119.
935 4302 1130 4386 1111111891,
1162 4306 1190 4360 1„

301 4381 383 4441 codd.
392 4375 602 4432 Monacensibus
616 4372 773 4443 simpliciter
785 4371 957 4426 inscribiturr
974 4376 1015 4423 ad
1027 4373 1121 4427 Cenem
1129 4378 1190 4430 Aa.

297 4459 462 4522 gustarum.
495 4445 549 4499 sed
562 4443 591 4497 in
603 4443 666 4500 eod.
680 4441 764 4496 Paris.
774 4441 854 4512 plena
865 4448 904 4493 est
919 4439 1077 4511 inscription

198 4595 849 4689 Ad.1).loannemltenrteum
872 4594 1190 4689 Herwortum,

376 4705 589 4780 Senatorem
611 4695 855 4797 Reipublicae
875 4695 1009 4793 Ααμθ.

193 4844 240 4941 S.
266 4861 314 4936 D.
362 4855 431 4924 Vir
448 4851 650 4923 clarissime.
686 4848 727 4920 Si
743 4842 1005 4950 philosophiam
1020 4850 1189 4940 monitri-

192 4992 271 5042 cem
285 4962 467 5055 aliquanto
486 4951 691 5042 diligentius
707 4951 871 5020 audirent
885 4944 1059 5036 homines,
1085 4975 1186 5043 prae-

192 5068 316 5142 sertim
329 5072 510 5155 potentes,
535 5053 655 5121 minus
672 5065 758 5151 esset
774 5050 1011 5121 calamitatum
1026 5053 1188 5143 publica-

190 5195 277 5244 rum
299 5180 334 5236 et
357 5162 593 5254 privatarum3
627 5155 687 5223 sed
711 5152 860 5244 plurimi
890 5175 979 5243 pene
1009 5155 1184 5247 cyclopica

222 5394 257 5468 ⁶)
274 5389 377 5448 Mende
390 5384 515 5458 suspicor
526 5380 555 5438 in
567 5379 625 5445 hir.
641 5377 688 5434 red
701 5374 762 5434 dedi
773 5387 804 5433 ut
818 5375 947 5450 leguntur
957 5375 988 5432 io
1003 5377 1106 5436 codice.

803 206 1242 288 EPISTOLARUM
1293 209 1399 287 LIB.
1431 210 1479 291 X.
1534 211 1665 288 1546.

2186 235 2262 310 222

1263 383 1409 452 audacia
1434 399 1666 457 contemnunt
1690 388 1809 460 omnia
1826 392 2008 467 doctrinae
2025 399 2160 489 studia,
2188 427 2257 496 qua

1261 507 1363 553 causa
1395 487 1570 555 cumulari
1595 482 1781 558 bominum
1807 495 1965 566 miserias
1981 496 2007 591 ¹)
2032 524 2106 570 non
2128 505 2256 575 obscu-

1260 609 1338 653 rum
1363 599 1424 658 est.
1478 586 1615 659 Interea
1641 604 1757 659 tamen
1780 606 1814 662 et
1834 597 1941 667 fuisse
1963 601 2103 694 aliquos
2117 627 2254 698 semper

1258 686 1297 753 in
1320 685 1410 756 bene
1436 689 1580 758 moratis
1601 691 1801 763 civitatibus
1819 709 1852 765 et
1870 694 1986 771 adbuc
2006 725 2079 771 esse
2094 709 2251 776 nonnul-

1258 787 1311 855 los
1335 789 1484 874 scimus,
1510 792 1573 882 qui
1597 805 1630 861 et
1655 793 1693 859 in
1715 794 1969 882 gubernatione
1992 826 2074 872 suae
2098 805 2191 875 vitae
2213 809 2250 877 in

1257 889 1444 958 consilium
1460 886 1629 961 adhibent
1647 888 1921 986 philosophiam,
1949 916 1981 970 et
1996 921 2140 995 propter
2156 909 2251 976 salu-

1256 1002 1324 1057 tem
1343 991 1537 1061 multorum
1555 995 1734 1064 doctrinae
1752 999 1867 1066 studia
1885 1001 2069 1088 adiuvant3
2096 1032 2247 1098 quorum

1256 1089 1428 1180 sapientia
1453 1106 1487 1160 et
1509 1094 1622 1163 virtus
1645 1098 1772 1166 merito
1796 1103 2029 1188 praedicanda
2054 1120 2115 1178 est.
2175 1106 2248 1180 Nec

1255 1191 1404 1261 dubium
1427 1208 1480 1264 est
1502 1189 1629 1264 horum
1647 1197 1864 1269 voluntatem
1884 1202 1920 1270 in
1939 1204 2104 1275 iuvandis
2121 1210 2248 1278 studiis
2272 1234 2273 1239 ¹

1254 1291 1329 1362 Deo
1346 1293 1493 1383 placere.
1520 1294 1610 1366 Cum
1625 1311 1742 1367 autem
1758 1315 1847 1370 etex
1861 1305 1927 1372 viri
1943 1308 2138 1377 doctissimi
2150 1301 2248 1378 Cra-

1254 1391 1352 1462 tonis
1378 1416 1556 1482 sermone,
1591 1411 1624 1466 et
1643 1421 1682 1466 ex
1699 1401 1849 1470 aliorum
1865 1407 2126 1493 praedicatione
2141 1410 2248 1480 intel-

1253 1494 1416 1578 lexerim,
1455 1509 1489 1565 te
1512 1499 1677 1588 inprimis
1698 1501 1815 1569 favere
1838 1500 2083 1598 philosophiae
2110 1513 2251 1598 studiis,-

1253 1596 1336 1664 dedi
1359 1584 1519 1666 Cratorri
1548 1602 1593 1669 ad
1619 1612 1653 1670 te
1679 1603 1912 1692 proficiscenti
1937 1604 2028 1679 banc
2050 1611 2246 1702 epistolam,

1252 1709 1293 1766 ut
1313 1697 1544 1786 intelligeres,
1576 1704 1669 1789 apud
1694 1698 1857 1774 homines
1884 1711 2059 1780 studiosos
2078 1712 2243 1784 virtutem

1251 1811 1349 1866 tuam
1379 1801 1486 1887 gratis
1512 1805 1734 1872 sermonibus
1758 1808 1938 1882 celebrari.
1999 1810 2114 1904 Ipsius
2140 1815 2245 1883 etiam

1252 1893 1499 1990 philosophiae
1524 1903 1669 1973 nomine
1694 1907 1823 1992 gratias
1845 1910 1909 1978 tibi
1925 1933 2008 1999 ago,
2034 1915 2130 2006 quod
2146 1905 2244 1982 Cra-

1252 2006 1369 2066 toneru
1386 2013 1441 2085 tu,
1468 2016 1501 2070 ct
1518 2004 1644 2072 caeteri
1659 2004 1727 2072 viri
1745 2010 1962 2079 ornatissimi
1978 2013 2017 2080 in
2032 2014 2165 2109 familia
2183 2028 2243 2085 tua

1251 2100 1424 2189 complexi
1440 2103 1532 2176 estis.
1568 2100 1632 2173 Est
1647 2107 1793 2175 omnino
1809 2105 1840 2202 ²)
1857 2112 1974 2202 ampla
1993 2114 2151 2185 doctrina
2169 2140 2243 2185 me-

1249 2200 1348 2269 dicae
1372 2203 1468 2274 artis.
1520 2204 1591 2273 Sed
1615 2211 1852 2278 cumaccedit
1878 2214 2032 2302 cognitio
2057 2239 2241 2286 causarum

1249 2300 1477 2383 coelestium,
1497 2306 1610 2374 multo
1635 2307 1675 2374 lit
1691 2321 1761 2378 tota
1778 2333 1834 2378 ars
1849 2313 2033 2389 illustrior.
2084 2314 2132 2386 Et
2149 2320 2241 2387 mul-

1248 2414 1305 2470 tae
1334 2417 1418 2471 sunt
1448 2404 1535 2473 aliae
1558 2429 1702 2493 magnae
1727 2434 1867 2496 causae,
1900 2412 2241 2487 cur'mathematum

1248 2502 1363 2570 studia
1377 2527 1515 2573 necesse
1527 2507 1573 2574 sit
1589 2510 1801 2583 conservari.
1855 2511 1974 2601 Quare
1989 2540 2069 2584 cum
2085 2520 2127 2586 ad
2143 2543 2260 2617 corn-⁸

1246 2626 1390 2671 munem
1420 2606 1640 2676 medicorum
1669 2611 1866 2680 doctrinam
1900 2616 2101 2688 adiunxerit
2124 2610 2242 2690 Croto

1246 2698 1338 2773 hanc
1357 2702 1640 2795 ,pulcherrimam
1670 2723 1704 2779 et
1730 2714 1968 2784 dulcissimam
1994 2715 2240 2812 philosophiae

1245 2817 1398 2895 partem,
1432 2833 1521 2901 quae
1545 2813 1588 2879 de
1615 2812 1770 2881 motibus
1792 2817 1999 2889 coelestibus
2023 2833 2056 2889 et
2078 2823 2120 2892 de
2134 2825 2240 2915 syde-

1245 2930 1326 2975 rum
1351 2909 1785 2998 effectionibus-disserit,
1820 2930 1988 3011 tantaque
2011 2921 2050 2988 in
2065 2946 2105 2989 eo
2123 2925 2176 2990 vis
2192 2923 2239 2992 sit

1244 3008 1398 3097 ingenii,
1431 3025 1470 3079 ut
1496 3013 1646 3081 solutam
1670 3016 1866 3084 orationem
1883 3033 1917 3087 et
1931 3044 2073 3089 carmen
2089 3023 2238 3093 feliciter

1244 3109 1383 3192 scribat,
1412 3125 1444 3179 et
1462 3106 1526 3180 bas
1542 3115 1675 3201 ingenii
1692 3117 1789 3185 dotes
1805 3119 2003 3208 integritate
2020 3146 2158 3192 morum
2176 3126 2237 3193 oru

1243 3223 1320 3293 net,
1354 3207 1598 3282 honestissime
1628 3215 1760 3300 facitis,
1797 3222 1891 3309 quod
1924 3245 2005 3289 eum
2028 3223 2237 3295 liberalitate

1242 3322 1355 3379 vestra
1374 3311 1495 3381 iuvare
1511 3315 1682 3404 coepistis.
1737 3315 1879 3411 Vosque
1897 3346 2108 3414 magnopere
2124 3339 2158 3394 et
2173 3351 2235 3408 oro

1242 3423 1276 3479 et
1290 3407 1471 3498 adhortor,
1491 3412 1563 3508 et³)
1579 3430 1722 3506 propter
1738 3419 1847 3507 ipsius
1862 3419 2025 3492 Cratonis
2041 3426 2236 3514 ingenium,

1242 3525 1276 3580 et
1303 3527 1449 3603 propter
1473 3517 1729 3605 rempublicam
1754 3521 1815 3587 tali
1839 3524 2042 3611 praesertim
2068 3538 2235 3618 tempore,

1241 3637 1286 3680 ne
1311 3615 1454 3705 optimis
1480 3619 1632 3701 artibus,
1663 3641 1751 3687 neve
1775 3616 1913 3690 homini
1934 3626 2098 3714 flagranti
2115 3630 2233 3699 studio

1240 3715 1454 3804 optimarum
1472 3719 1600 3787 artium
1621 3719 1752 3790 desitis.
1791 3721 1888 3792 Haec
1903 3741 2017 3796 vestra
2029 3728 2144 3798 virtus
2156 3728 2232 3800 Deo

1239 3815 1344 3885 etiam
1359 3814 1389 3911 ⁴)
1404 3830 1498 3904 grata
1519 3821 1586 3889 erit
1601 3832 1635 3890 et
1650 3819 1759 3910 ipsius
1774 3820 1938 3894 Cratonis
1954 3828 2065 3897 literis
2078 3831 2234 3901 celebra-

1238 3917 1346 3990 bitur.
1398 3916 1494 3988 Benc
1511 3936 1545 3991 et
1559 3921 1708 3999 feliciter
1725 3925 1811 3996 vale.
1864 3925 2087 4018 Vitehergae,
2113 3931 2230 4022 Septi-

1237 4032 1296 4087 mo
1316 4015 1392 4091 Cal.
1410 4019 1627 4112 Septembris
1642 4016 1681 4115 ⁵),
1707 4048 1776 4116 quo
1795 4027 1852 4095 die
1868 4044 1949 4099 ante
1964 4055 2076 4099 annos
2093 4026 2229 4126 18151)

1237 4119 1322 4189 vicit
1337 4115 1539 4193 Alexander
1556 4122 1680 4193 Persas
1699 4127 1744 4194 ad
1762 4125 1913 4200 Arbelas
1927 4127 1968 4225 ⁷).
1993 4127 2102 4204 1546.

1239 4339 1461 4356 m

1269 4459 1301 4522 1)
1314 4434 1373 4527 qua
1385 4476 1469 4511 muse
1485 4491 1520 4502 —
1532 4463 1673 4534 mr'serr'as]
1689 4465 1753 4525 cod.
1767 4468 1848 4527 Mon.
1864 4469 1923 4524 911
1940 4488 2025 4540 quam
2038 4491 2096 4529 erse
2108 4493 2225 4531 mmm

1302 4529 1497 4582 humanarum
1511 4532 1699 4587 miseriorum.

1266 4608 1297 4674 2)
1316 4611 1444 4676 omnmo]
1462 4613 1524 4666 cod.
1544 4612 1607 4673 Par.
1628 4618 1713 4670 errr'rrr.

1266 4692 1295 4762 8)
1313 4697 1356 4758 et]
1374 4695 1456 4749 codd.
1471 4697 1551 4749 Mon.
1568 4707 1614 4765 ret,
1632 4700 1774 4753 mendose.

1263 4775 1292 4846 4)
1311 4779 1412 4845 etr'erm]
1432 4781 1641 4835 coaetaneos
1658 4782 1746 4836 babet.

1265 4863 1293 4929 8)
1311 4860 1382 4918 cot.
1399 4864 1476 4920 Mon.
1491 4865 1535 4921 88.
1550 4885 1599 4935 pro
1615 4865 1694 4934 Sept·
1708 4868 1787 4923 babet
1802 4873 1954 4940 Noverit..
1973 4876 2111 4935 mendose.

1262 4948 1290 5017 8)
1307 4951 1491 5013 1111111875]
1510 4950 1572 5005 cod.
1589 4951 1666 5006 Mon.
1682 4971 1746 5007 auu.
1765 4957 1844 5022 1815,
1870 4976 1900 5010 er
1915 4959 2025 5015 mendo.
2044 4991 2078 5004 -
2113 4961 2222 5020 Secun-

1298 5017 1363 5072 dum
1379 5018 1488 5071 calend.
1503 5017 1581 5071 Eberi
1616 5038 1685 5090 ugna
1698 5025 1731 5074 ad
1742 5025 1835 5082 Arbel.
1851 5025 1903 5081 suit
1914 5047 1986 5082 anuo
1999 5029 2059 5087 239.
2071 5041 2133 5086 ente
2144 5032 2223 5092 cert-

1296 5083 1368 5138 s'tum
1389 5096 1493 5138 natum.
1514 5117 1549 5127 —
1608 5091 1753 5144 anserarius
1769 5094 1796 5146 iu
1812 5095 1866 5148 vita
1883 5097 2013 5152 Melautb.
2026 5103 2058 5153 ad
2073 5118 2138 5156 ann.
2156 5105 2222 5159 1516

1298 5165 1388 5207 narrat
1402 5153 1549 5207 Crotonem
1562 5155 1609 5208 illo
1623 5174 1697 5210 anno
1711 5159 1814 5231 Lipsiae
1828 5163 1926 5226 luisse,
1949 5166 2147 5239 instituisseque
2162 5172 2219 5225 Co-

1297 5223 1389 5274 mitem
1404 5222 1633 5278 Bertbamensem.
1673 5227 1787 5283 Videtur
1807 5230 1890 5303 igitur
1903 5234 1985 5290 breve
1997 5246 2099 5293 1111111111
2113 5242 2165 5295 iter
2176 5237 2217 5296 se·

1297 5291 1365 5344 cisse
1377 5290 1539 5360 Augustam.
1917 5326 1922 5332 ·

1260 5377 1290 5444 7)
1309 5373 1377 5432 Cod.
1388 5376 1468 5431 Mon.
1481 5375 1525 5435 88.
1542 5376 1695 5450 Arietem,
1715 5382 1854 5438 merrdose.
