4748 6022
83 356 136 431 aa
639 311 1127 435 ³arnsromtnun-
1156 355 1266 437 me.
1296 357 1344 437 a.
1397 358 1530 434 1546.
2064 365 2118 473 ao.

84 528 211 603 cietate
227 539 261 598 et
274 525 463 599 laetissima
476 528 733 599 consuetudine
749 552 829 600 cum
844 530 924 622 ipso
939 544 974 601 et
992 531 1076 601 unis
1224 526 1444 625 Desponsavi
1474 533 1584 604 filiam
1608 529 1766 630 meam²)
1798 534 1921 607 iuveni
1946 539 2050 608 docto
2074 553 2110 609 at

85 653 189 700 verso
211 643 313 701 coetu
342 650 427 700 snae
456 624 643 699 Ecclesiae.
700 626 808 700 Hunc
829 629 903 703 toto
936 646 1076 724 pectore
1126 630 1282 703 modesto
1306 624 1527 719 iFrnaco'2
1552 658 1703 729 cumque
1723 637 1769 705 ad
1792 659 1930 708 sacrum
1950 639 2109 731 nuptiale

85 753 231 822 precor,
253 744 294 800 ut
317 742 354 801 ct
373 743 409 801 te
423 743 537 800 servet
557 743 592 800 et
609 744 691 801 tuae
705 731 829 801 domui
846 747 881 803 et
896 731 1076 805 Ecclesiae
1124 730 1256 803 amicos
1268 734 1486 819 vocaverim,
1501 749 1535 806 te
1550 757 1692 830 quoque
1706 737 1856 807 maxime
1869 741 1989 810 adesse
2006 752 2108 830 opta·
2147 744 2151 753 '

84 830 312 902 fidelissimus
328 846 442 903 custos
460 843 493 899 et
509 825 705 912 ἐπίσκοπος
719 833 920 924 prospiciat,
947 830 1074 908 Amen.
1124 831 1211 903 rim:
1237 834 1275 902 id
1297 833 1394 904 enim
1414 833 1506 905 mihi
1527 852 1567 907 ut
1586 837 1674 907 meis
1688 833 1855 930 liberis⁸)
1872 833 2107 910 honorificum

85 927 316 1022 Vitebergae,
340 932 464 1023 quinta
483 928 688 1018 Februarii,
715 931 825 1009 1646.
1125 955 1199 1003 esse
1215 936 1399 1022 ducerem,
1413 939 1671 1033 gauderemque
1687 951 1721 1008 te
1737 939 1774 1007 in
1790 937 1991 1033 ipsorum⁹)
2005 954 2107 1010 coetu

703 1061 837 1156 caspar
848 1060 1023 1155 cmciger·
1126 1058 1205 1103 cnm
1222 1037 1366 1106 caeteris
1378 1051 1436 1107 tua
1451 1052 1531 1108 vota
1549 1035 1624 1120 Jsad
1639 1033 1782 1108 Deum”
1795 1039 2022 1128 coniungere:
2044 1040 2108 1131 qni

1125 1159 1196 1227 quo
1221 1137 1333 1226 magis
1357 1135 1581 1235 intelligis¹⁰)
1604 1139 1697 1211 vitae
1716 1140 1891 1232 pericula,
1916 1165 1957 1210 eo
1977 1142 2108 1210 arden-

197 1240 370 1335 Georgius
382 1240 557 1317 Rotarius
569 1243 655 1314 dicit
670 1247 776 1318 etiam
792 1244 927 1335 Amen,
941 1243 1077 1331 Amen,
1126 1235 1194 1306 tius
1219 1235 1406 1331 peteres¹¹)
1431 1241 1622 1327 gubernari
1646 1264 1743 1310 meos
1775 1241 1959 1312 divinitus.
2013 1236 2106 1311 Cum

545 1341 671 1421 Amen,
1125 1351 1243 1407 autern
1264 1341 1308 1408 de
1339 1353 1373 1409 te
1393 1343 1554 1412 vocando
1584 1342 1834 1427 deliberarem,
1865 1338 2041 1434 simulque
2062 1342 2107 1410 de

1125 1453 1185 1510 tua
1208 1462 1289 1529 erga
1311 1440 1455 1510 fratrem
1482 1442 1611 1533 pietate
1628 1442 1741 1512 multa
1764 1442 1980 1513 dicerentur:
2033 1463 2106 1511 non

1123 1561 1228 1611 ausus
1243 1564 1319 1609 sum
1336 1540 1400 1610 tali
1414 1555 1475 1612 tuo
1497 1557 1654 1635 tempore
1669 1558 1805 1633 petere,
1830 1557 1871 1613 ut
1891 1545 1937 1613 ad
1962 1562 2027 1612 nos
2047 1565 2105 1610 ae-

1124 1641 1282 1726 cederes,
1307 1642 1511 1734 praesertim
1525 1669 1605 1715 cum
1621 1639 1711 1714 mihi
1732 1639 1880 1714 historia
1893 1645 1938 1714 de
1959 1655 2021 1713 tuo
2041 1665 2105 1733 pa-

84 1801 120 1874 Ν
178 1802 255 1873 37
1128 1755 1196 1826 tre,
1227 1743 1305 1812 viro
1336 1744 1561 1832 gravissimo,
1600 1759 1949 1816 commemoraretur:
2000 1766 2106 1837 quem

91 1804 306 1938 Q
904 1812 1075 1923 ..6,,23
1122 1841 1242 1929 aium,
1262 1867 1343 1914 cum
1359 1845 1405 1914 ad
1420 1847 1561 1937 nuptias
1581 1849 1768 1939 aquodam
1783 1847 1895 1916 amico
1912 1855 2108 1928 vocaretur,

512 1992 561 2077 Ν
592 1991 640 2076 N
1122 1943 1282 2012 semestri
1295 1956 1432 2027 exacto,
1447 1959 1525 2034 post
1540 1959 1689 2014 mortem
1709 1941 2108 2040 tuae¹²)matris(qnam

558 2054 569 2078 ⁸
636 2054 647 2075 ⁰
1121 2065 1202 2112 cum
1220 2042 1300 2111 aliis
1313 2042 1479 2113 omnibus
1493 2044 1651 2115 virtutib.
1674 2040 1856 2125 †honesta
1872 2059 2032 2115 matrona
2048 2043 2107 2113 di-

153 2151 256 2208 Manttt
276 2151 375 2223 ἠως.
394 2171 423 2223 p.
437 2153 488 2209 stt
502 2169 535 2225 aq
563 2181 598 2194 —
631 2152 869 2237 apograpaanta
890 2152 953 2208 cot.
972 2153 1072 2208 scitari
1120 2141 1224 2233 gnis'’
1241 2143 1463 2230 excelluisse,
1488 2157 1563 2214 tum
1580 2169 1663 2213 vero
1683 2145 1789 2216 etiam
1803 2146 1922 2217 literas
1937 2159 1970 2216 et
1988 2139 2107 2234 philo-

185 2219 516 2344 lsssdssll'glss'lfifflssffffe
527 2219 1073 2363 fflffissffijqffssmssssgpjl}
1121 2239 1283 2362 sophiam
1297 2245 1445 2314 coluisse
1460 2243 1605 2340 scimus)
1621 2245 1723 2316 valde
1738 2261 1952 2318 commotum
1969 2244 2108 2330 dixisse,

188 2373 249 2410 um
263 2356 480 2413 caramanico.
1120 2345 1244 2415 marari
1265 2367 1302 2413 se
1324 2344 1429 2413 amici
1450 2344 1635 2430 duritiem,
1660 2346 1723 2438 qui
1735 2346 1887 2436 lugentis
1900 2347 2006 2417 talem
2022 2368 2108 2416 con-

1120 2447 1256 2535 iugem,
1280 2445 1454 2515 rationem
1469 2458 1608 2537 putaret
1624 2470 1699 2515 non
1714 2441 1933 2527 habendam,
1959 2445 2108 2539 perinde

1120 2571 1161 2617 ac
1176 2545 1277 2616 sicui
1293 2541 1444 2625 †lorte”
1462 2570 1547 2638 pera
1563 2548 1608 2616 de
1621 2547 1762 2636 cingulo
1779 2548 1976 2622 decidisset.
2015 2543 2108 2617 Cum

95 1606 1077 1639 mnu—m

426 2507 553 2585 Amico
580 2509 740 2591 cuidam.

82 2635 131 2718 ln
147 2640 212 2715 hac
228 2645 435 2722 confusione
450 2643 701 2739 Reipublicae,
727 2647 834 2743 etsi¹)
858 2649 967 2720 multa
989 2659 1072 2716 sunt
1120 2648 1229 2737 igitur
1240 2647 1308 2718 tibi
1323 2670 1398 2716 non
1409 2647 1584 2718 minorem
1600 2648 1765 2739 pietatem
1785 2642 1984 2719 tribuamus
2001 2670 2108 2741 quam

80 2748 292 2841 quaenobis
310 2744 733 2820 intuentibushominum
749 2751 879 2836 vitam,
903 2771 1070 2838 magnum
1119 2749 1230 2841 patri,
1265 2760 1299 2816 et
1324 2741 1451 2817 horum
1475 2763 1676 2840 temporum
1703 2750 1880 2819 moesticia
1907 2748 2106 2819 communis

79 2849 245 2920 dolorem
271 2850 452 2919 adierunt:
486 2861 709 2921 tamencum
730 2850 902 2938 viderim,
933 2851 1070 2944 aliquas
1119 2844 1276 2944 tunm¹')
1301 2848 1461 2919 dolorem
1485 2864 1625 2939 augeat,
1659 2851 1795 2943 pudore
1817 2851 2009 2943 impedior,
2033 2873 2105 2941 quo

81 2944 265 3038 interca²)
279 2946 457 3019 Ecclesiae
467 2951 635 3044 reliquias
656 2973 747 3038 esse,
773 2976 863 3046 quae
880 2976 960 3024 cum
975 2951 1069 3021 divi·
1118 2952 1237 3021 minus
1252 2963 1287 3020 te
1304 2973 1489 3025 accersam.
1531 2949 1655 3022 Facies
1670 2965 1807 3037 tamen,
1831 2953 1928 3043 quod
1942 2950 2009 3022 tibi
2026 2950 2104 3018 viro

81 3051 182 3120 nitus
200 3063 397 3133 serventur,
412 3054 605 3123 ostendunt
620 3053 726 3122 etiam
740 3076 806 3123 nos
826 3077 899 3125 non
914 3054 1069 3123 abiectos
1117 3051 1268 3145 sapienti
1282 3047 1353 3131 †et
1364 3051 1560 3122 officiorum
1577 3066 1755 3123 momenta
1769 3051 1907 3123 ratione
1925 3047 2106 3144 pensanti'

80 3174 104 3221 a
118 3148 196 3221 Deo
213 3172 302 3218 esse:
328 3164 360 3220 et
377 3151 507 3240 passim
528 3174 601 3221 esse
622 3149 803 3246 aliqn0s⁸)
825 3153 922 3225 viros
947 3157 1068 3224 doctos
1115 3153 1308 3225 videbitur.

79 3264 117 3323 ct
129 3245 318 3334 honestos,
345 3247 407 3343 qui
420 3249 570 3320 fideliter
583 3275 776 3344 propagare
789 3253 908 3325 literas
925 3268 960 3325 et
973 3254 1067 3344 opti·
1796 3333 1800 3341 ¹

76 3375 157 3423 rnas
169 3363 262 3421 artes
278 3350 435 3420 student:
460 3347 627 3420 nonnihil
644 3354 843 3447 acquiesco,
870 3354 970 3446 quasi
986 3377 1069 3445 por·
1217 3345 1320 3417 Hanc
1333 3360 1450 3417 autem
1465 3347 1649 3439 epistolam
1663 3347 1708 3417 ad
1725 3360 1760 3417 te
1777 3346 1875 3432 misi,
1899 3370 1974 3417 non
1989 3348 2105 3419 solum

79 3468 160 3525 turn
188 3452 344 3544 aliquem
366 3451 594 3541 prospiciens.
654 3451 734 3542 Qua
752 3454 963 3542 cogitatione
977 3478 1067 3524 -cum
1116 3459 1157 3518 ut
1178 3447 1461 3518 benevolentiam
1476 3470 1557 3538 erga
1579 3461 1614 3518 te
1634 3471 1767 3534 meam,
1791 3448 1964 3540 quae'erit
1978 3473 2106 3541 perpe-

79 3568 186 3625 tuum
207 3550 410 3642 ingenium,
444 3552 700 3638 eruditionem,
729 3577 864 3636 mores,
896 3555 1001 3626 fidem
1029 3555 1069 3623 in
1116 3563 1194 3634 tua,
1227 3560 1373 3618 testarer
1389 3542 1453 3642 ¹⁴):
1486 3548 1682 3631 sedetiam
1701 3563 1743 3619 ut
1764 3570 2006 3637 cognosceres,
2039 3574 2104 3619 nos

78 3654 262 3735 docendo,
285 3649 491 3743 gravitatem
514 3651 553 3721 in
577 3654 675 3723 omni
700 3654 817 3724 officio
838 3656 1069 3747 contemplor,
1116 3651 1230 3719 luctus
1252 3649 1306 3719 tui
1328 3649 1502 3721 rationem
1524 3643 1705 3720 habuisse:
1743 3662 1917 3720 ettamen
1939 3663 2104 3742 peterem,

78 3778 246 3845 magnam
270 3753 484 3845 voluptatem
516 3753 634 3845 capio,
670 3749 894 3826 harmoniam
924 3757 1069 3827 illarum
1116 3765 1158 3821 ut
1187 3750 1306 3821 animo
1328 3751 1512 3823 nobiscum
1538 3750 1654 3835 adsis,
1686 3762 1721 3820 et
1740 3764 1823 3821 vota
1844 3775 1910 3842 pro
1932 3752 2036 3821 nobis
2058 3755 2104 3821 ad

77 3850 400 3950 pulcherrimarum
416 3854 589 3924 virtutum
601 3855 839 3931 considerans.
883 3855 974 3928 Nam
988 3881 1068 3929 cum
1116 3848 1233 3922 Deum
1257 3851 1381 3938 saciar,
1404 3863 1446 3923 ut
1466 3864 1500 3921 et
1514 3847 1708 3922 Ecclesiam
1730 3864 1765 3921 et
1780 3851 1856 3921 eius
1869 3852 2050 3922 domicilia
2068 3866 2104 3923 et

79 3956 283 4029 eruditione
314 3953 480 4039 excellas,
521 3979 596 4025 non
622 3957 742 4028 minus
780 3956 959 4040 †tamen''
988 3959 1069 4029 lita-
1117 3954 1233 4023 studia
1253 3965 1368 4023 servet
1388 3978 1428 4023 ac
1451 3967 1566 4043 regat,
1590 3966 1626 4025 et
1643 3955 1714 4023 tuis
1732 3952 1891 4046 meisque
1906 3953 2028 4024 liberis
2042 3956 2102 4023 det

79 4059 131 4129 ris
158 4070 366 4127 ornamento
388 4069 472 4126 sunt
493 4069 648 4127 caeterae
667 4071 748 4129 tuae
772 4057 936 4144 virtutes,
962 4083 1068 4154 quam
1116 4053 1210 4125 vitae
1233 4054 1447 4124 curriculum
1478 4054 1651 4139 salutare,
1684 4067 1726 4124 ut
1749 4054 1820 4125 sint
1834 4049 1945 4148 σκευὴ
1967 4051 2100 4132 dta‘ovc:

79 4159 148 4231 tibi
160 4151 191 4253 ⁴)
208 4158 329 4227 literae
342 4156 449 4248 ipsae.
475 4154 587 4248 Saepe
602 4158 708 4229 etiarn
716 4153 806 4227 mihi
815 4160 975 4250 gratulor
989 4184 1069 4232 curn
1116 4156 1213 4249 quod
1229 4155 1385 4246 prolecto
1399 4156 1470 4227 tuis
1485 4155 1606 4226 liberis
1617 4168 1693 4227 toto
1712 4169 1852 4249 pectore
1867 4169 1963 4248 opto.
1994 4151 2048 4223 Ac
2062 4167 2103 4224 ut

80 4272 182 4332 tanto
198 4258 277 4326 viro
291 4256 478 4328 amicitiam
494 4280 585 4343 esse,
609 4282 650 4329 ex
665 4253 897 4357 quo⁸)hoc⁰)
912 4273 1068 4353 tempore
1114 4256 1206 4328 bene
1233 4276 1388 4347 sperem,
1418 4281 1566 4328 moveor
1594 4257 1656 4327 illa
1685 4257 1889 4348 gravissima
1918 4253 2103 4342 sententia,

80 4382 248 4450 magnum
263 4357 414 4428 lructnm
430 4357 607 4450 percipere
622 4383 779 4453 possem,
805 4360 874 4431 nisi
894 4374 929 4431 tc
951 4363 1068 4434 luctus
1114 4381 1203 4453 quae
1219 4358 1354 4428 etiamsi
1373 4357 1411 4428 in
1428 4356 1594 4431 Poe‘mate
1608 4353 1793 4452 prophano
1808 4356 1936 4449 scripta
1952 4368 2020 4444 est,
2048 4370 2103 4430 ta-

80 4472 226 4553 proptar
238 4458 357 4529 fratris
370 4457 455 4550 (viri
471 4462 679 4552 praestantis
695 4460 866 4554 sapientia
877 4476 913 4533 et
921 4459 1067 4558 virtute)

79 4561 265 4635 interitum
284 4560 385 4631 domi
400 4560 577 4637 retineret.
1117 4555 1327 4576 m

1146 4684 1174 4754 7)
1192 4681 1261 4739 cot.
1274 4682 1394 4756 Gnelplr.
1407 4682 1497 4738 addit:
1516 4685 1636 4737 maara.

1149 4785 1177 4856 ὓ)
1194 4782 1283 4841 Manl.
1295 4793 1323 4838 et
1335 4787 1438 4839 literr’s.

111 4863 140 4930 l)
147 4859 364 4987 Qffpb·
393 4859 457 4916 nest
471 4861 502 4914 a'a
520 4863 575 4916 bae
593 4879 703 4930 magno
719 4863 882 4934 sonsuar‘m
898 4863 1068 4931 reputatae
1149 4882 1180 4952 9)
1198 4880 1287 4936 Mwl,
1305 4882 1377 4949 ‘W-

111 5029 142 5099 ί)
158 5027 229 5085 cot.
244 5028 364 5102 Goclpb.
375 5031 474 5103 νίδιο,
491 5029 607 5085 interita
618 5029 737 5100 aliqum.
1149 4983 1195 5152 :23
1212 4980 1301 5135 3:¹2:
1317 4981 1460 5147 '3⁸:223'

112 5124 378 5289 affligar?
389 5133 473 5287 ἔξω
1150 5181 1196 5252 12)
1212 5180 1300 5238 Manl.
1320 5188 1387 5234 tuae
1404 5187 1495 5250 recte,
1513 5178 1574 5236 cod.
1592 5177 1712 5257 Guelplr.
1730 5199 1811 5244 tuas.

108 5232 143 5299 ‘l
221 5268 231 5286 ’
271 5249 335 5304 ¹⁸⁸⁹
354 5249 391 5288 ‘⁸
414 5252 433 5288 ³·
1149 5280 1559 5355 cumaclensem.

108 5329 142 5496 ξ),
159 5328 233 5486 gs}
243 5325 364 5499 ἓξὲξ..
372 5347 464 5482 effi:
482 5443 554 5485 meo.
1149 5382 1197 5455 ¹⁴)
1215 5380 1285 5438 ΕΜ·
1295 5379 1418 5454 ,Gussll’lb
1436 5398 1623 5450 motum·

77 4745 302 4766 m
