4748 6022
159 308 208 380 59
732 304 1163 385 EPISTOLARUM
1220 303 1328 385 LIB.
1360 304 1406 381 X.
1462 304 1593 384 tato.
2138 311 2190 386 to

161 478 230 550 lide
250 494 283 550 ct
298 481 480 569 diligentia
493 496 577 555 sunt
591 494 818 575 pertractata,
844 480 935 551 sicut
950 480 1025 551 eius
1040 478 1149 551 actio·
1196 477 1370 549 illustrior
1384 500 1424 548 ac
1438 481 1571 570 populo
1581 494 1615 549 et
1631 477 1869 551 ecelesiaeDei
1886 480 1996 570 magis
2010 483 2186 562 salutaris,

163 580 221 648 nis
240 603 412 649 summam
431 582 551 672 legetis
567 608 587 653 a
604 582 647 653 D.
663 576 820 652 Brentio
835 582 994 662 missam,
1020 605 1103 650 nam
1118 592 1152 649 et
1194 600 1300 672 quam
1322 580 1527 670 propagatio
1560 591 1593 649 et
1614 580 1834 648 conservatio
1867 581 2025 649 coelestis
2051 582 2186 652 doctri-

165 680 196 750 is
219 682 372 773 aliquam
395 686 544 770 gratiam
568 684 658 754 inire
681 686 805 757 voluit.
862 679 1027 752 Bactrus
1048 682 1152 750 valde
1196 703 1277 748 nae:
1303 679 1352 749 ita
1377 695 1412 751 et
1428 681 1521 750 inter
1535 682 1723 771 praecipua
1739 695 1947 751 ornamenta
1967 679 2095 752 Invict.
2111 680 2186 751 lm-

166 782 315 851 idoueus
336 796 388 852 est
403 787 447 854 ad
471 782 535 855 has
550 787 723 865 actiones,
749 800 783 857 et
797 807 999 879 quanquam
1014 783 1153 872 singula
1197 778 1495 873 peratorisCaroli
1504 780 1536 850 V
1538 779 1701 855 ,Domini
1715 782 1825 851 nostri
1843 782 2051 855 clementias.
2068 786 2187 854 omnis

168 882 242 951 eius
264 883 376 969 dicta,
403 887 551 976 scripta,
576 901 610 959 et
633 888 789 958 actiones
806 885 993 974 diligenter
1017 907 1082 953 nos
1098 907 1155 952 re·
1197 882 1381 973 posteritas
1394 895 1428 952 et
1442 877 1509 951 hoc
1524 884 1661 968 referet,
1678 884 1772 976 quod
1790 884 1828 951 in
1843 883 2083 953 diiudicandis
2099 909 2186 954 con-

167 983 257 1075 liqui
281 986 525 1071 observemus,
559 1001 676 1059 tamen
707 989 862 1078 prolecto
894 981 987 1055 hanc
1016 1007 1155 1055 causam
1198 982 1378 1055 troversiis
1394 983 1617 1074 dereligionc
1636 1007 1676 1054 ea
1692 983 1879 1075 prudentia
1894 998 1928 1055 et
1943 988 2186 1056 moderatione

166 1079 337 1154 hactenus
352 1087 423 1175 egit
436 1109 574 1158 summa
589 1090 675 1172 fide,
701 1089 790 1157 sient
808 1103 881 1159 acta
898 1090 1096 1166 ostendent,
1117 1109 1156 1153 ac
1199 1080 1315 1153 adhuc
1337 1106 1421 1153 usus
1443 1097 1512 1168 est,
1532 1099 1572 1156 ut
1593 1107 1650 1153 eas
1673 1085 1928 1155 controversias
1944 1087 2097 1177 pacificis
2111 1090 2186 1157 col-

169 1180 552 1276 semperhonorificam
564 1189 779 1260 mentionem
790 1187 1157 1258 vestrorumomnium
1199 1184 1393 1255 latioribus
1426 1185 1561 1270 excuti,
1594 1209 1700 1278 quam
1732 1186 1873 1256 iniustis
1898 1188 2006 1256 armis
2032 1189 2186 1280 opprimi

168 1286 271 1366 facit,
304 1300 472 1380 tanquam
495 1304 634 1381 patrum
660 1304 694 1359 et
716 1303 981 1381 praeceptorum
1001 1311 1158 1370 suorum,
1198 1286 1373 1359 maluerit.
1426 1284 1543 1375 Quam
1557 1286 1770 1380 aequitatem
1792 1295 1827 1358 et
1844 1289 2121 1359 moderationem
2146 1304 2189 1361 ut

168 1381 261 1456 nihil
275 1388 347 1477 agit
361 1388 431 1460 nisi
443 1393 656 1461 anteanobis
665 1390 844 1475 consultis,
860 1391 960 1460 audit
972 1404 1007 1460 et
1021 1391 1158 1460 obtem·
1200 1395 1368 1479 perpetuo
1390 1399 1531 1458 tueatur
1552 1400 1587 1458 et
1608 1402 1791 1459 conservet
1813 1412 1999 1481 precamur
2027 1404 2102 1462 toto
2122 1416 2186 1481 pe-

169 1502 270 1580 perat
283 1489 414 1560 uostris
431 1492 599 1566 consiliis.
628 1491 853 1564 Conierimus
868 1490 963 1560 enim
982 1491 1076 1560 inter
1092 1510 1158 1557 nos
1200 1501 1297 1558 ctore
1311 1500 1492 1558 aeternum
1508 1501 1643 1581 patrem
1660 1489 1797 1559 domini
1814 1486 1926 1559 riustri
1942 1489 2022 1561 lesu
2038 1486 2184 1566 Christi.

168 1589 243 1659 lere
267 1591 444 1683 quotidie,
477 1616 593 1685 neque
615 1595 803 1687 quicquam
827 1586 886 1661 bic
906 1587 996 1660 mihi
1016 1591 1158 1661 suavius
1200 1587 1295 1678 Quia
1313 1583 1382 1659 hoc
1398 1588 1455 1658 die
1468 1613 1534 1680 pro
1549 1588 1660 1660 veteri
1675 1614 1772 1659 more
1788 1588 1832 1665 D.
1849 1585 1926 1662 loh.
1940 1587 2185 1685 Chrysostomi

172 1704 241 1778 est,
275 1715 381 1783 quam
415 1716 619 1783 congressus
645 1707 679 1765 et
710 1693 929 1763 familiaritas
964 1718 1045 1762 cnm
1071 1691 1159 1760 viris
1199 1690 1369 1760 memoria
1383 1690 1503 1781 peragi
1518 1691 1644 1777 soleat,
1669 1687 1853 1762 humiliter
1866 1705 1900 1762 et
1916 1718 1995 1762 cum
2010 1694 2107 1762 omni
2122 1696 2185 1764 de-

170 1791 314 1883 optimis
334 1807 368 1864 et
384 1795 614 1876 doctissimis,
636 1818 725 1888 quos
742 1796 844 1864 video
861 1818 924 1864 vos
941 1817 1065 1863 ornnes
1083 1806 1157 1863 toto
1200 1790 1274 1861 hita
1298 1791 1494 1861 reverentia
1516 1792 1561 1861 ab
1584 1792 1695 1884 ipsius
1715 1789 1874 1862 Caesaris
1888 1791 2071 1864 Maiestate
2092 1796 2186 1886 peti-

168 1905 311 1982 pectore
325 1918 453 1969 amare.
1198 1913 1298 1977 mus,
1322 1893 1420 1984 quod
1436 1892 1628 1982 imperator
1642 1890 1817 1965 Arcadius
1833 1906 1867 1963 et
1882 1889 1958 1968 loh.
1974 1890 2185 1989 Chrysosto-

271 1990 477 2064 Adversarii
501 2010 541 2067 ut
561 2019 678 2066 semen
703 1996 875 2087 serpentis
897 1989 1036 2064 homini
1054 1993 1159 2064 dissi·
1200 2013 1279 2061 mus
1302 1990 1445 2063 Garnae
1465 1993 1636 2064 exercitus
1659 1993 1762 2079 duci,
1792 1994 1916 2089 iniqua
1939 2009 1973 2066 et
1993 1995 2103 2086 impia
2120 2022 2184 2088 pe-

169 2093 313 2163 millimi
343 2108 447 2180 sunt,
478 2110 632 2167 extrema
661 2092 898 2188 sophistarum
924 2097 1001 2176 fex,
1033 2120 1158 2166 mona·
1200 2092 1307 2178 tenti,
1322 2095 1598 2186 responderunt:
1624 2119 1699 2165 non
1714 2095 1819 2165 licere
1832 2095 1905 2186 regi
1919 2096 2084 2187 pietatem
2099 2122 2185 2189 pro-

171 2190 230 2264 chi
246 2196 316 2265 dno
334 2191 497 2267 homines
511 2196 809 2291 impudentissimi
824 2210 919 2281 sunt,
933 2192 1159 2280 Malveaden
1199 2195 1313 2263 fitenti
1327 2194 1514 2289 quicquam
1531 2197 1697 2267 adversus
1720 2219 1775 2266 res
1792 2197 1933 2265 divinas
1947 2211 2120 2285 statuere,
2144 2214 2184 2271 ut

170 2319 237 2388 pro
272 2320 369 2366 more
394 2297 514 2387 ¹gentis
547 2292 654 2397 homo
687 2297 976 2388 superbissimus,
1015 2299 1159 2368 inllatus
1201 2308 1235 2363 et
1249 2295 1359 2386 ipsius
1373 2294 1539 2366 Maiestas
1554 2297 1833 2387 magnitudinem
1850 2291 1958 2367 huius
1972 2312 2089 2371 tantae
2101 2325 2185 2371 can-

113 2465 117 2472 ,
172 2394 331 2466 Caesaris
364 2398 587 2482 auctoritate,
623 2399 750 2469 nititur
783 2401 927 2469 turbare
953 2400 1092 2484 omnia,
1123 2413 1158 2469 et
1200 2419 1257 2464 sae
1283 2396 1489 2485 diligentius
1514 2399 1730 2480 consideret,
1756 2411 1808 2482 et,
1832 2410 1873 2467 ut
1894 2391 2063 2470 hactenus
2088 2402 2183 2488 fecit,
2297 2480 2300 2485 .

173 2497 240 2587 ipsi
253 2496 456 2581 Praesides,
480 2500 529 2568 sic
549 2499 632 2568 satis
653 2498 757 2591 aeqni
771 2500 894 2586 nobis,
918 2512 1036 2570 tamen
1062 2496 1157 2570 hunc
1201 2521 1246 2565 ne
1270 2497 1425 2589 patiatur
1446 2521 1482 2567 se
1506 2499 1692 2568 calumniis
1714 2513 1749 2571 et
1772 2498 1904 2592 iniquis
1929 2500 2070 2570 iudiciis
2093 2528 2184 2594 quo-

172 2598 298 2667 timere
315 2612 509 2686 coguntur,
534 2613 569 2669 et
590 2600 683 2669 clare
697 2600 803 2670 nobis
821 2604 970 2695 uterque
985 2603 1159 2691 significa·
1199 2599 1369 2682 tundam,
1395 2622 1433 2667 re
1463 2603 1624 2670 nondum
1651 2601 1733 2672 satis
1758 2600 1953 2671 deliberata
1976 2617 2009 2673 et
2035 2604 2185 2693 cognita,

173 2699 244 2783 vit,
271 2722 307 2767 se
326 2699 441 2770 odisse
463 2696 560 2771 hunc
580 2697 798 2792 Hispanum
832 2726 897 2772 nos
919 2718 1036 2773 autem
1060 2703 1171 2786 illius,
1199 2701 1367 2769 adversus
1387 2700 1551 2769 innoxios
1572 2697 1753 2787 immines,
1784 2725 1904 2771 veram
1936 2714 1971 2773 et
2000 2705 2184 2774 coelestem

173 2800 430 2872 contumaciam
463 2815 497 2872 et
524 2801 728 2894 superbiam
750 2803 1008 2873 contemnimus
1036 2817 1071 2874 et
1091 2803 1159 2872 ali·
1200 2800 1398 2872 doctrinam
1419 2817 1439 2869 a
1460 2801 1533 2895 lilio
1555 2798 1621 2871 Dei
1644 2826 1706 2893 per
1723 2797 1927 2893 Prophetas,
1942 2816 1977 2874 et
1991 2802 2183 2895 Apostolos

175 2901 313 2993 quoties
337 2902 463 2971 stultos
489 2917 635 2973 conatus
657 2903 836 2992 fregimus.
895 2893 1079 2974 Cochloeo
1100 2906 1159 2974 iu·
1199 2901 1362 2971 traditam
1378 2894 1640 3001 [profitentes],
1664 2902 1816 2978 incendi.
1872 2901 1967 2974 Haec
1990 2907 2184 2997 enimpro-

172 3004 329 3070 cundum
349 3015 423 3089 est,
447 2997 591 3074 haerere
614 3004 654 3073 in
678 3017 853 3097 postrema
882 3021 980 3098 parte
1003 3007 1158 3077 colloco·
1198 3002 1276 3093 pria
1300 3015 1335 3072 et
1355 3025 1491 3072 summa
1510 3004 1586 3074 laus
1602 3028 1808 3094 magnorum
1823 2997 1969 3073 heroum
1985 3019 2036 3075 est
2052 3006 2088 3074 in
2103 3020 2182 3076 tau·

170 3117 300 3176 torum.
498 3176 501 3180 Α
1199 3103 1246 3173 tis
1266 3104 1392 3186 rebus,
1413 3103 1545 3172 divinis
1566 3131 1709 3198 nempe,
1734 3119 1767 3174 ot
1789 3103 1937 3175 salntem
1957 3118 2008 3174 tot
2024 3109 2182 3196 gentium

271 3201 372 3291 Quae
387 3205 553 3300 colloquii
572 3206 645 3279 sint
664 3207 767 3278 initia
782 3219 816 3276 et
832 3230 920 3299 quae
936 3231 1015 3276 cum
1033 3207 1158 3275 adver·
1200 3217 1235 3273 et
1266 3204 1481 3295 populorum
1515 3208 1773 3301 spectantibus,
1803 3231 1906 3298 posse
1942 3210 2181 3281 moderatione

173 3304 273 3372 sariis
288 3308 459 3395 speranda
476 3309 522 3377 sit
536 3308 736 3378 conciliatio
749 3308 832 3378 satis
848 3322 961 3378 vestra
977 3320 1158 3399 praestan·
1198 3305 1270 3391 uti,
1301 3329 1374 3375 non
1407 3307 1637 3400 praecipitare
1664 3308 1829 3395 consilia,
1863 3333 1936 3378 non
1971 3310 2182 3382 inflammari
2252 3318 2256 3325 '

171 3404 221 3473 tia
244 3403 418 3494 intelliget
442 3418 476 3475 et
497 3423 680 3496 cognoscet
701 3434 742 3478 ex
769 3408 882 3476 literis
903 3411 948 3478 ad
980 3407 1157 3479 illustriss.
1199 3407 1341 3479 iniustis
1367 3407 1518 3478 aliorum
1551 3403 1737 3479 hominum
1766 3409 1876 3492 odiis,
1907 3410 1966 3477 sed
2001 3410 2124 3478 audire
2149 3428 2182 3483 et

170 3501 374 3595 Principem
398 3506 549 3596 plenius.
609 3507 728 3602 ltaque
756 3508 1025 3580 deliberandum
1055 3510 1157 3579 vobis
1199 3532 1335 3580 summa
1350 3509 1532 3598 diligentia
1548 3530 1756 3596 cognoscere
1772 3531 1892 3576 causas
1908 3506 2112 3591 divinas,et
2126 3536 2181 3580 eas

153 3619 207 3673 .ct
227 3606 496 3695 significandum
519 3609 624 3678 nobis
639 3610 722 3690 erit,
748 3632 794 3677 an
811 3610 922 3698 possit
936 3635 1016 3680 curn
1031 3603 1157 3680 adv'er-
1199 3633 1273 3679 non
1295 3632 1335 3678 ex
1356 3610 1463 3679 unius
1482 3603 1637 3676 hominis
1652 3607 1800 3679 arbitrio
1815 3606 2029 3687 eteonsilio,
2055 3613 2114 3678 sed
2139 3638 2179 3681 ex

171 3706 272 3775 seriis
297 3707 336 3774 in
355 3708 502 3800 reliquis
517 3711 674 3780 articulis
689 3709 917 3779 consessionis
933 3725 1092 3795 nostrae,
1117 3726 1157 3783 nt
1198 3713 1274 3779 solo
1298 3711 1405 3778 verbo
1424 3707 1509 3791 Dei,
1532 3709 1626 3777 urrde
1645 3709 1761 3778 omnis
1772 3708 1912 3798 pietatis
1926 3709 2022 3792 fons,
2048 3708 2180 3783 institia

171 3808 217 3876 ab
232 3808 443 3897 imperatore
468 3811 670 3902 praescripti
687 3823 789 3894 sunt,
814 3811 979 3900 progredi
1002 3839 1080 3882 cum
1103 3827 1156 3883 ta·
1199 3823 1232 3880 et
1255 3811 1327 3878 vita
1347 3823 1486 3878 aeterna
1512 3811 1640 3898 pendet
1660 3823 1694 3880 et
1708 3824 1913 3900 promanat,
1938 3810 2131 3881 diiudicare
2147 3829 2182 3885 et

170 3932 254 3976 meu
276 3932 350 3977 non
367 3906 528 3996 videam,
552 3936 648 4002 spem
669 3911 779 3981 ullam
806 3934 900 3995 esse,
921 3926 962 3983 ut
977 3912 1015 3981 in
1035 3914 1154 4006 aliquo
1198 3913 1403 3993 decernere,
1429 3923 1465 3979 et
1480 3909 1634 3998 agnitam
1650 3913 1757 3982 semel
1779 3934 1898 3980 veram
1921 3912 2083 4000 pietatem
2106 3929 2180 3985 toto

170 4010 364 4104 quidquam
378 4014 577 4082 concessuri
592 4013 672 4086 sint.
700 4009 779 4083 Hoc
792 4026 947 4084 vestrum
967 4013 1153 4083 consilium
1200 4025 1336 4101 pectore
1351 4011 1514 4099 amplecti
1531 4026 1567 4082 et
1582 4014 1683 4087 tueri.
1735 4006 2181 4109 Theodosioslaudatissi-

170 4134 294 4180 omnes
306 4134 470 4201 rogamus
484 4125 518 4182 et
533 4114 737 4204 expetimus.
787 4110 886 4182 Bene
906 4116 1018 4185 valete
1038 4129 1153 4205 patres
1199 4112 1486 4201 musimperator
1508 4115 1700 4185 moriturus
1721 4128 1823 4186 vocat
1837 4115 1880 4182 ad
1904 4136 1940 4181 se
1957 4113 2047 4182 lilios
2065 4112 2182 4186 Arco-

169 4223 204 4280 et
225 4224 465 4304 praeceptores
487 4212 715 4298 observandi,
740 4200 836 4305 quos¹
850 4211 1015 4286 Christus
1030 4213 1153 4286 Eccle-
1198 4207 1299 4281 diam
1322 4227 1357 4282 et
1371 4210 1601 4298 Honorinm,
1625 4216 1720 4287 inter
1794 4238 1935 4285 oscum
1959 4237 2066 4304 regna
2092 4235 2178 4291 esset

171 4311 242 4380 siae
272 4336 354 4384 suae
378 4313 441 4384 diu
470 4330 663 4388 conservet.
720 4312 940 4387 Ratisbonae
964 4318 1023 4388 10.
1047 4315 1153 4391 Febr.
1197 4314 1345 4405 partitus
1361 4331 1536 4406 postremo
1550 4241 1936 4410 utrumqueiirrtatur,
1963 4330 2001 4387 ut
2016 4319 2178 4408 pietatem

175 4410 283 4485 1546.
1197 4429 1228 4484 et
1248 4416 1445 4486 doctrinam
1461 4417 1618 4486 divinam
1641 4416 1733 4487 tueri
1752 4430 1786 4488 et
1799 4439 1992 4508 propagare
2003 4420 2178 4494 studeant.

421 4540 425 4547 ’
607 4511 710 4588 V.E
1195 4515 1272 4587 Hac
1294 4518 1390 4587 enim
1412 4531 1446 4588 et
1469 4541 1552 4608 pax,
1581 4517 1719 4610 inquit,
1751 4531 1994 4600 conservatur,
2027 4531 2062 4587 et
2084 4518 2179 4590 bell'a

724 4615 765 4692 F.
782 4617 956 4708 Georgius
971 4615 1100 4692 Maior.
1196 4619 1431 4689 conficiuntur
1445 4630 1480 4687 et
1496 4612 1612 4687 hostes
1629 4631 1817 4690 vertuntur
1837 4617 1874 4686 in
1892 4619 2026 4708 fugam,
2051 4633 2087 4690 et
2103 4633 2179 4691 tro·
2205 4683 2208 4689 .

1197 4716 1308 4811 phaea
1323 4730 1526 4789 statuuntur
1543 4733 1577 4789 et
1593 4732 1736 4810 paratur
1751 4719 1910 4794 victoria.

438 4808 659 4889 Proteslolio
683 4828 811 4891 nostra
828 4814 883 4915 ἶ).
1292 4817 1383 4890 Cum
1396 4818 1504 4905 igitur
1523 4819 1570 4888 ab
1584 4821 1718 4913 optimo
1732 4819 1897 4911 Principe
1912 4831 1946 4888 et
1964 4815 2178 4911 Imperatore

1195 4936 1315 4992 nostro
1338 4917 1463 4992 Invict.
1478 4916 1606 4992 Carolo
1622 4920 1667 4998 V.
1683 4918 1741 4992 hic
1754 4936 1899 5018 quartus
1918 4938 2112 4995 conventus
2132 4926 2178 4993 ad

265 4946 315 5022 Ut
337 4950 432 5023 inter
451 4928 623 5044 plurimas
647 4955 734 5024 alias
763 4954 971 5024 excellentes
992 4940 1150 5036 virtutes,

165 5047 296 5142 quibus
321 5047 497 5124 Davidem
527 5078 645 5147 regem
674 5056 815 5149 ornavit
839 5052 935 5127 Deus
958 5055 1058 5126 nulla
1082 5057 1149 5127 luit

164 5215 395 5237 m

1261 5241 1289 5296 in
1311 5258 1377 5313 opp.
1400 5239 1482 5296 Loth.
1502 5242 1590 5296 XVll·
1611 5261 1639 5313 p.
1658 5242 1752 5313 1524,
1777 5258 1846 5313 qnae
1864 5257 1930 5296 vero
1947 5245 1981 5298 ab
1999 5244 2048 5299 hac
2066 5261 2176 5315 prorsus

197 5314 226 5385 ¹⁸)
252 5313 283 5368 la
306 5314 416 5370 historia
440 5316 580 5390 colloquii
603 5317 743 5374 Baitheo.
767 5335 783 5370 ι
805 5316 926 5390 Georgia
951 5317 1053 5373 Maiori
1077 5317 1147 5372 edita
1260 5320 1300 5366 en
1317 5309 1429 5364 ditem·
1451 5309 1636 5390 ‚Loqoonnn
1653 5310 1687 5365 ds
1710 5311 1761 5366 luc
1812 5311 1971 5366 oscitatione
1989 5311 2107 5381 theolog.
2127 5311 2177 5364 Vi·

231 5382 283 5438 ulia
306 5388 463 5456 protestatio
486 5396 541 5444 est.
566 5387 593 5441 d.
610 5390 654 5440 10.
673 5384 767 5439 Martii
785 5387 898 5450 tradita,
940 5406 1003 5441 uam
1018 5387 1098 5440 etiam
1117 5403 1149 5438 es
1259 5380 1433 5449 tebergenses
1451 5395 1479 5430 m
1492 5376 1593 5450 scripto
1614 5379 1647 5451 d.
1665 5380 1692 5435 d.
1714 5378 1755 5432 12.
1798 5379 1854 5433 abr.
1872 5396 1984 5451 estoque
2003 5379 2077 5435 dedit
2094 5381 2175 5436 etiam

230 5451 345 5507 Maioris
366 5452 469 5526 scripto
486 5455 619 5510 dederuut
638 5450 785 5510 liortleder
800 5456 824 5510 1.
840 5470 870 5525 p.
954 5473 1010 5525 sq„
1027 5451 1149 5511 Wsldr·
1260 5445 1439 5505 sectatori.
1455 5446 1486 5502 iu
1502 5444 1564 5501 laist.
1583 5446 1662 5503 tuat.
1681 5447 1728 5502 tlt.
1747 5466 1773 5521 p.
1786 5447 1847 5504 680.
