4748 6022
97 345 175 419 229
676 346 1113 427 EPISTOLARUM
1177 357 1289 436 LIB.
1323 360 1368 432 Χ.
1421 361 1554 442 1646.
2059 382 2136 456 280

99 519 282 600 doctrina,
314 543 334 589 a
358 521 462 590 nobis
485 534 642 612 accepta,
667 522 725 590 vel
749 522 842 590 bona
865 544 945 591 cum
968 544 1029 612 spe
1053 523 1092 592 in
1148 524 1362 600 Germaniae
1378 533 1464 623 quid
1480 536 1691 609 minitentur
1706 543 1793 626 fata,
1819 522 1990 622 videmus.
2041 543 2136 619 Ore-

99 620 227 690 studiis
238 637 436 708 versantur,
452 623 509 692 vel
524 623 738 714 reipublicae
751 622 900 691 feliciter
915 623 1090 694 serviunt:
1144 651 1222 698 mus
1251 631 1361 720 igitur
1380 631 1528 716 Deum,
1549 652 1588 707 ut
1618 664 1746 728 poenas
1771 646 1915 736 mitiget.
1974 651 2017 718 ln
2039 651 2133 720 bello

97 722 148 791 ita
178 723 281 792 vobis
309 718 544 793 honorificum
568 729 639 810 est,
676 723 873 815 praedicari
898 747 959 791 vos
978 726 1023 793 ab
1047 727 1091 794 iis
1143 749 1318 822 nusquam
1348 730 1463 804 adhuc
1484 739 1676 832 quidquam
1699 758 1833 830 gestum
1855 760 1907 819 est
1927 742 2131 846 ἀξιόλογον.
2196 776 2223 832 ἡ

96 823 256 893 eruditos
279 847 370 910 esse,
400 848 553 917 quorum
575 839 609 895 et
624 825 794 895 doctrina
810 839 860 895 est
875 823 1090 916 incorrupta,

54 953 58 957 ·
94 935 132 995 et
150 925 317 995 voluntas
341 949 420 1015 erga
440 927 696 1017 rempublicam
718 920 877 996 honesta.
928 919 1006 995 Oro
1026 951 1090 997 au-

92 1028 165 1095 tem
183 1026 302 1095 Deum
323 1041 522 1111 aeternum,
547 1041 681 1119 patrem
702 1025 850 1096 Domini
872 1028 985 1095 nostri
1009 1026 1088 1098 lesu

92 1120 240 1211 Christi,
262 1141 302 1198 ut
318 1129 523 1197 universum
538 1130 629 1198 vitae
645 1142 726 1199 tuae
743 1141 777 1196 et
792 1128 990 1196 studiorum
1006 1142 1087 1197 tuo-

94 1250 176 1297 rum
205 1229 421 1299 curriculum
449 1231 638 1319 gubernet,
666 1242 705 1299 ut
726 1229 792 1298 tibi
816 1241 849 1297 et
870 1228 1085 1319 reipublicae

93 1330 247 1400 salutare
263 1330 320 1403 sit.
352 1329 460 1419 Quod
477 1343 561 1420 opto
579 1355 659 1399 cum
679 1343 738 1398 tua
755 1352 885 1424 caussa,
906 1341 983 1397 tum
1001 1354 1084 1399 vero

91 1429 200 1498 etiam
229 1446 375 1522 propter
406 1433 577 1522 patriam,
612 1431 786 1500 civitatem
809 1426 1084 1522 Hamburgam‚

91 1553 182 1622 quae
197 1554 272 1600 non
287 1533 506 1623 opulentiam
523 1557 562 1601 ac
578 1534 773 1623 voluptates
786 1531 884 1600 ducit
899 1554 972 1601 esse
987 1555 1084 1600 sum·
1100 1590 1103 1597 .

88 1652 149 1698 ma
167 1631 293 1702 decora
306 1633 500 1716 civitatum,
525 1635 585 1702 sed
603 1656 719 1701 veram
735 1629 803 1700 Dei
821 1632 1083 1703 invocationem

89 1744 126 1801 et
154 1732 362 1823 disciplinae
392 1735 627 1804 sanctitatem:
669 1756 777 1826 quare
801 1733 845 1800 ad
869 1732 939 1803 alia
963 1734 1081 1804 civilia

89 1847 300 1903 ornamenta
321 1835 482 1922 adiungit
506 1830 598 1902 hanc
621 1856 759 1915 curam,
785 1844 825 1900 ut
844 1845 937 1904 recte
951 1836 1081 1922 guber-

87 1946 196 2002 netur
209 1930 366 2003 Ecclesia
382 1927 449 2003 Dei
473 1947 507 2002 et
523 1935 687 2002 iuventus
703 1933 822 2002 literas
836 1946 870 2001 et
882 1934 1079 2003 doctrinam

86 2031 182 2102 vitae
199 2035 387 2104 salutarem
402 2036 524 2107 discat.
576 2033 726 2102 Talibus
744 2033 947 2105 civitatibus
963 2030 1079 2102 honos

86 2133 238 2205 debetur
251 2149 285 2204 et
298 2131 366 2205 hoc
383 2136 537 2205 officium
551 2135 757 2224 praecipue,
783 2134 948 2204 videlicet
960 2148 1000 2203 ut
1016 2159 1078 2224 pe-

84 2247 204 2304 tamus
225 2234 353 2317 aDeo,
386 2251 426 2307 ut
447 2259 504 2304 eas
526 2248 639 2305 servet
666 2248 700 2303 et
719 2247 887 2323 perpetua
910 2258 994 2304 suae
1010 2238 1078 2304 do-

84 2334 219 2404 ctrinae
239 2349 273 2405 et
294 2362 394 2406 verae
418 2336 560 2406 virtutis
581 2335 762 2404 domicilia
780 2335 903 2420 faciat,
928 2336 1018 2405 sicut
1037 2336 1076 2403 in

83 2431 224 2505 Psalmo
241 2438 386 2507 dicitur:
412 2435 560 2524 Rogate,
579 2460 669 2530 quae
685 2437 728 2507 ad
744 2459 865 2525 pacem
880 2451 962 2506 sunt
976 2435 1077 2506 leru-

84 2538 193 2606 salem
216 2551 279 2607 etc.
332 2538 452 2626 Quare
479 2552 513 2607 et
533 2539 608 2628 ipse
625 2552 699 2607 toto
715 2551 853 2626 pectore
870 2534 987 2606 Deum
1000 2562 1075 2622 oro,

82 2652 124 2709 ut
139 2634 334 2708 Ecclesiam
360 2664 459 2709 suam
482 2640 522 2707 in
537 2640 653 2730 patria
669 2653 729 2709 tua
745 2639 831 2708 etin
847 2633 905 2706 his
918 2639 1074 2727 regioni-

82 2739 168 2824 bus,
195 2754 362 2810 eteorum
380 2736 533 2830 hospitia
550 2753 687 2819 servet,
713 2754 827 2827 regat,
852 2761 891 2808 ac
906 2741 1074 2808 adversus

82 2852 278 2910 exterarum
300 2866 341 2910 ac
367 2841 597 2934 barbararum
620 2842 806 2911 nationum
830 2840 1072 2910 crudelitatem

80 2955 116 3011 ct
129 2942 355 3034 tyrannidem
368 2944 546 3014 defendat.
568 2941 666 3014 Bene
679 2934 768 3018 vale.
788 2939 910 3016 Calen.
918 2939 1072 3033 Septem.

80 3039 192 3114 1546.

89 3389 154 3462 Nc.
181 3389 293 3465 3550.

82 3487 297 3523 Μ
927 3399 1069 3518 Q

419 3582 462 3670 C.
493 3585 728 3674 Pannonio.

176 3745 258 3817 Epist.
277 3743 324 3798 lib.
337 3741 371 3798 V.
389 3761 415 3814 p.
430 3742 490 3797 296.

73 3890 424 3992 Christopboro
449 3888 693 3963 Pannonio
720 3886 1065 3992 (Francosordiac.)

75 4035 121 4127 S.
147 4048 193 4122 D.
243 4049 422 4118 Lucienus
445 4046 483 4113 in
507 4026 649 4122 tib‘ello,
677 4043 735 4113 cui
755 4044 879 4112 titulus
895 4058 959 4114 est:
987 4051 1065 4126 πῶς

73 4150 133 4227 δεῖ
143 4146 313 4241 ἱστορίαν
327 4139 576 4245 συγγράφειν,
603 4156 741 4227 narrat,
767 4142 1008 4225 Alexandrum
1024 4148 1063 4214 in

73 4254 156 4327 navi
173 4253 344 4342 legentem
362 4247 562 4318 Aristobuli
577 4241 783 4329 historiam,
806 4246 843 4311 in
864 4269 933 4335 qua
951 4249 1062 4317 mnlta

72 4356 298 4448 impudenter
320 4351 513 4420 adlinxerat
538 4361 641 4416 autor
666 4347 771 4414 rebus
794 4345 898 4433 gestis
916 4347 961 4414 ab
978 4343 1062 4415 Ale-

71 4460 206 4531 xandro
229 4454 394 4523 abiecisse
413 4451 545 4519 librum
563 4447 601 4515 in
617 4460 765 4516 marcet
783 4441 869 4514 haec
885 4445 1061 4516 addidisse

70 4561 195 4630 verba:
237 4556 290 4624 Te
324 4576 464 4647 qnoque
491 4552 613 4620 eodem
640 4548 747 4617 modo
773 4546 998 4637 praecipitem
1021 4548 1061 4617 in

70 4685 167 4730 mare
199 4650 302 4729 deiici
329 4655 531 4746 oportebat,
572 4650 621 4718 sic
646 4674 711 4741 pro
738 4671 794 4716 me
820 4646 1060 4744 praeliantem.

1142 830 1336 902 Accessisse
1364 838 1555 907 exercitum
1580 844 1840 913 foederatorum
1866 852 1908 917 ad
1935 847 2131 943 Ingolsta·

1142 925 1264 1014 dium,
1299 935 1439 1009 scimus.
1489 936 1633 1010 Caetera
1657 945 1817 1014 nondum
1832 947 2023 1036 significata
2038 962 2156 1027 sunt.-

1140 1030 1235 1102 Bcne
1251 1036 1337 1109 vale.
1389 1040 1425 1109 2.
1440 1037 1668 1130 Septembris.

1610 1139 1826 1251 ‘Philippus
1853 1147 2078 1223 Melanthon.

1483 1332 1490 1339 .
1525 1338 1528 1343 .

1135 1475 1201 1546 No.
1218 1475 1331 1551 8551.
1429 1480 1433 1490 ’

1143 1571 1314 1600 w..
1985 1499 2125 1619 aee·

1472 1677 1523 1764 V.
1558 1680 1792 1768 neodem.

1201 1829 1278 1884 Edita
1291 1849 1306 1884 a
1319 1830 1452 1887 Sauberto
1465 1835 1494 1888 in
1508 1853 1522 1888 a
1561 1838 1650 1891 ende
1671 1858 1697 1910 p.
1715 1839 1762 1895 lib.
1775 1838 1825 1898 tv,
1845 1859 1872 1912 p.
1886 1841 1927 1899 1⁷.
1945 1842 2057 1900 Contuli
2071 1866 2123 1903 au·

1233 1900 1384 1969 tegrapbon
1403 1901 1432 1954 in
1451 1903 1512 1965 cod,
1562 1922 1641 1960 onae.
1652 1857 1674 1960 i,
1694 1926 1719 1978 p.
1732 1906 1792 1962 637.

1136 2057 1180 2133 V
1181 2061 1246 2131 ito
1270 2059 1533 2148 Theodoro,
1567 2063 1711 2137 docenti
1725 2065 1911 2164 Evangel.
1934 2073 1974 2144 in
1990 2072 2121 2149 Eccle-
2161 2071 2164 2087 '

1347 2165 1408 2235 sia
1425 2162 1504 2235 Dei
1519 2165 1559 2235 in
1577 2167 1664 2236 urbe
1680 2163 1904 2265 Noribcrga.

1128 2293 1173 2382 S.
1198 2314 1247 2386 D.
1284 2313 1366 2384 Scio
1381 2315 1513 2406 ubique
1530 2330 1565 2386 et
1582 2318 1626 2385 de
1639 2318 1725 2386 belli
1739 2321 1852 2390 causis
1862 2317 2028 2412 'magnam
2046 2352 2119 2402 esse

1128 2414 1343 2483 indiciorum
1372 2415 1715 2502 dissimilitudinem,
1748 2435 1781 2489 et
1804 2424 1848 2490 de
1871 2426 1965 2494 exitu
1987 2450 2063 2519 spes
2084 2450 2118 2505 et

1128 2514 1365 2584 divinationes
1386 2517 1511 2589 varias.
1561 2515 1635 2586 Nos
1658 2538 1741 2588 vero
1763 2518 1900 2609 Deum,
1933 2540 2116 2602 aeternum

1126 2615 1266 2685 Patrem
1291 2614 1440 2685 Domini
1462 2617 1575 2687 nostri
1601 2615 1680 2687 lesu
1703 2615 1853 2706 Christi,
1886 2649 2046 2716 oremus,
2075 2649 2116 2706 ut

1127 2729 1264 2786 tantum
1287 2718 1383 2786 orbis
1398 2731 1571 2788 terrarum
1588 2733 1622 2790 et
1638 2716 1814 2791 Ecclesiae
1830 2725 2025 2813 periculum
2042 2732 2115 2824 ipse

1125 2821 1306 2906 gubernet.
1359 2818 1596 2889 Proficiscitur
1618 2821 1707 2890 istuc
1728 2821 1898 2913 Magister
1912 2821 2114 2903 Fabianus

1125 2913 1321 3003 Hactenus,
1338 2919 1394 2988 vir
1408 2929 1532 2991 doctus
1546 2943 1582 2989 es
1595 2917 1775 3004 honestus,
1798 2950 1904 3017 quem
1917 2946 1998 2999 ante
2011 2934 2114 3004 bien-

1125 3021 1225 3090 nium
1240 3045 1381 3112 quoque
1396 3022 1528 3093 vidisti.
1578 3019 1689 3090 Nobis
1708 3039 1851 3114 propter
1867 3031 2114 3122 eruditionem,

1125 3124 1314 3191 candorem
1336 3135 1370 3190 et
1389 3122 1494 3190 fidem
1511 3122 1614 3190 valde
1628 3145 1729 3192 carus
1746 3139 1814 3209 est;
1847 3153 1954 3219 quare
1971 3145 2005 3200 te
2021 3158 2111 3225 quo-

1124 3246 1191 3312 qne
1206 3246 1287 3305 oro,
1313 3235 1354 3291 ut
1367 3245 1448 3289 eum
1466 3223 1706 3312 complectare.
1757 3222 1865 3316 Cupit
1880 3229 1999 3307 videre
2013 3258 2112 3304 exer-

1124 3323 1232 3392 citum
1253 3323 1532 3405 foederatorum,
1557 3323 1587 3390 si
1607 3323 1736 3412 poterit
1759 3327 1835 3394 sine
1851 3330 2008 3416 periculo
2023 3335 2110 3423 fieri,

1122 3447 1190 3514 qua
1218 3422 1254 3489 in
1279 3446 1316 3491 re
1340 3437 1402 3491 tno
1426 3423 1574 3493 consilio
1602 3436 1731 3497 utetur.
1781 3424 1879 3496 Bene
1904 3432 1992 3501 vale.
2041 3435 2110 3509 Dic

1120 3525 1155 3595 2.
1175 3522 1401 3613 Septembris.

1606 3586 1609 3597 Ι
1629 3617 1817 3718 Philippus
1833 3627 2057 3722 Melanthea,
2103 3600 2111 3619 .

1117 3985 1182 4055 No.
1197 3982 1318 4054 3552.
1424 3980 1431 3987 ’

1123 4081 1293 4110 ..ψ
1964 4000 2100 4123 aee

1281 4182 1494 4266 Oaiandcr
1523 4182 1584 4266 ad
1611 4183 1942 4273 Melanthonem.

1183 4343 1326 4417 †E„cod.
1345 4343 1443 4399 Wolf.
1455 4344 1489 4397 in
1508 4345 1572 4400 bibl.
1590 4345 1739 4415 llamburg.
1761 4344 1822 4416 [0.]

1181 4495 1372 4575 Osiander
1396 4496 1626 4598 Philippo
1652 4497 1710 4572 M
1713 4469 2027 4584 clanchtltont‘.

1111 4630 1195 4720 Etsi
1209 4650 1311 4720 facile
1327 4649 1485 4733 credam,
1508 4673 1548 4719 cx
1565 4648 1643 4717 aliis
1658 4662 1693 4717 te
1705 4662 1746 4718 ut
1760 4650 1900 4739 certius,
1923 4654 1971 4726 ita
1989 4672 2022 4729 et
2037 4685 2097 4732 co.

71 4760 178 4834 Tales
203 4783 299 4829 ntanc
319 4755 424 4825 multi
446 4765 530 4823 sunt
547 4747 727 4832 historici,
752 4750 814 4841 qui
830 4749 1060 4820 audacissime
1110 4752 1262 4843 piosius,
1292 4774 1381 4843 quae
1407 4751 1446 4818 in
1466 4750 1560 4818 hello
1582 4751 1624 4818 ad
1650 4749 1904 4838 ingolstadium
1928 4777 2099 4844 geruntur

69 4876 237 4958 spargunt
263 4858 422 4942 fabulas,
453 4877 539 4948 quas
557 4867 671 4940 gratas
687 4874 760 4920 esse
775 4850 837 4934 iis,
863 4851 955 4939 apud
971 4874 1059 4942 quos
1109 4853 1251 4939 audire,
1283 4875 1357 4921 non
1377 4850 1498 4941 putavi
1512 4865 1631 4920 tamen
1648 4851 1938 4924 committendum
1953 4874 1991 4929 ut
2007 4887 2096 4954 qnae

68 4980 171 5048 sunt,
197 4962 409 5032 existimant.
460 4954 607 5027 Rectius
624 4965 722 5032 esset,
748 4973 814 5021 nos
829 4952 1059 5021 omuesveris
1109 4950 1174 5023 hac
1195 4955 1270 5045 ipsa
1288 4948 1383 5044 hora,
1391 4952 1511 5022 audivi
1527 4966 1560 5022 et
1576 4952 1755 5022 verissima
1774 4976 1847 5024 csse
1869 4961 1993 5045 credo,
2019 4987 2094 5034 non

67 5062 259 5160 lachrymis
279 5061 464 5152 deplorare
489 5070 525 5125 et
544 5055 758 5123 calamitates
774 5052 933 5142 publicas
950 5066 985 5122 et
1000 5077 1058 5123 ea·
1109 5055 1214 5126 etiam
1245 5079 1286 5125 ex
1310 5076 1366 5121 me
1388 5076 1624 5149 cognosceres.
1688 5051 1811 5124 Pridie
1835 5053 2009 5133 Calendas
2030 5065 2095 5136 Se-

65 5192 148 5238 rum
170 5187 327 5242 caussas,
360 5162 384 5230 i.
400 5185 429 5230 e.
445 5171 584 5250 peccata
607 5167 748 5238 nostra,
777 5167 812 5224 et
827 5167 943 5245 petere
958 5154 1056 5224 miti·
1107 5158 1276 5249 ptembris
1304 5154 1416 5223 nostri
1437 5168 1530 5224 recta
1553 5155 1598 5223 ad
1620 5150 1837 5225 Caesareana
1860 5175 1989 5248 castra,
2021 5169 2094 5236 acie

63 5269 244 5360 gationcm
269 5262 509 5335 calamitatum
530 5282 549 5327 a
570 5256 659 5330 Deo.
713 5253 904 5341 Videmus,
927 5278 1056 5348 regno-
1106 5257 1457 5349 optime,instructa,
1491 5257 1769 5348 contenderunt,
1805 5276 1983 5348 sperantes
2007 5265 2093 5353 fore,

62 5394 146 5441 mm
161 5366 299 5456 fastigia
314 5386 429 5436 ruere.
472 5358 658 5431 Pannonia
672 5370 799 5441 vestra,
823 5380 915 5450 quae
931 5380 1054 5428 murus
1106 5372 1146 5429 ut
1167 5357 1295 5430 Cacsar
1321 5355 1393 5425 illis
1416 5357 1557 5426 obviam
1581 5357 1664 5441 iret.
1697 5371 1732 5428 θῐ
1754 5363 1936 5448 pugnandi
1958 5367 2094 5457 cOpiam

58 5472 132 5544 fui,
146 5466 330 5561 Europae,
355 5487 452 5536 nunc
471 5461 632 5543 barbaria
647 5459 811 5552 gentibus
823 5459 973 5551 praedae
990 5471 1054 5534 est.
1105 5461 1252 5548 faceret3
1278 5457 1414 5527 Verum
1430 5459 1517 5531 dum
1532 5458 1592 5528 ille
1604 5480 1758 5551 pugnam
1772 5460 1959 5549 detrectat,
1985 5480 2020 5537 et
2034 5490 2092 5539 ca·

1302 5566 1397 5683 w·
1516 5590 1521 5597 ’
