4748 6022
153 192 228 269 527
739 161 1177 247 ttr1sronattttu
1225 161 1335 245 trs.
1364 161 1412 244 s.
1453 142 1600 243 iste.
2117 160 2199 239 ses

156 355 376 436 crudelitatis
384 349 478 422 fieri!
505 344 667 417 Primum
684 339 779 409 enirn
795 363 934 412 causam
942 339 1070 409 videet
1084 336 1147 431 qui
1200 336 1366 429 postulas.
1424 333 1533 426 Quod
1555 359 1635 408 cum
1657 334 1706 407 ita
1728 335 1791 418 sit,
1821 336 2045 407 obsecramus
2067 346 2122 421 te,
2153 352 2197 410 ut

156 463 344 559 praecipue
367 464 530 546 petantur
550 442 620 516 hoc
644 443 749 515 bello.
800 440 923 534 Neque
958 441 1052 510 enim
1078 435 1147 509 hoc
1200 439 1337 517 videas,
1372 438 1528 530 quaesit
1550 461 1633 508 vera
1655 437 1817 507 ecelesiae
1842 438 2042 510 auctoritas.
2101 435 2197 509 Nam

157 564 344 661 praecipue
364 555 497 644 agitur,
527 563 568 621 ut
588 543 625 616 bt
647 544 824 636 principes
848 545 1050 622 deleantur,
1086 539 1149 634 qui
1200 534 1266 608 hae
1281 539 1560 626 constitutiones,
1586 563 1672 633 quas
1687 562 1784 608 nune
1800 539 1962 627 allegant,
1985 561 2060 607 non
2077 539 2197 611 solum

159 681 194 738 et
211 659 419 751 cognatione
441 667 476 722 et
497 650 577 722 aliis
590 647 742 717 vinculis
760 645 963 717 arctissimis
980 659 1096 714 tecum
1114 654 1149 710 et
1200 663 1314 709 novae
1335 655 1419 710 sunt
1441 654 1475 710 et
1496 642 1635 729 ignotae
1658 641 1770 710 veteri
1792 639 1971 723 ecclesiae,
2005 641 2066 708 sed
2088 641 2196 712 etiam

161 790 241 838 cum
262 761 339 830 aliis
354 754 575 849 principibus
597 747 779 818 coniuncti
797 759 898 829 sunt,
932 748 993 813 sed
1014 743 1148 812 bellum
1201 743 1387 811 damnatae
1403 741 1604 811 clarissimis
1620 741 1804 813 sententiis
1816 753 1893 811 tum
1908 739 2103 830 scripturae
2119 757 2197 813 tum

159 865 263 937 nobis
279 859 422 954 proprie
448 856 614 935 infertur,
645 845 713 919 hoc
729 861 797 932 est,
829 847 966 914 miseris
987 845 1150 913 sacerdo·
1201 841 1328 911 veteris
1340 843 1515 911 ecclesiae.
1564 841 1950 936 PostquamPontifices
1962 842 2097 912 abiecta
2110 868 2195 916 cura

160 969 275 1049 tibus,
313 961 376 1053 qui
400 971 483 1027 sunt
506 956 678 1033 inermes,
715 963 750 1018 et
772 947 909 1017 miseris
932 944 1150 1017 mulierculis
1201 941 1529 1032 religionistantum
1539 947 1784 1036 concupiscere
1793 942 2087 1029 dominationem,
2096 959 2194 1037 post.

159 1066 290 1140 horum
307 1052 671 1133 uxoribusetnostris
693 1049 826 1123 liberis.
875 1047 957 1118 Non
975 1046 1069 1117 enim
1087 1047 1149 1115 ob-
1203 1068 1310 1138 quam
1332 1044 1551 1135 belligerari,
1593 1069 1672 1115 cum
1697 1045 1837 1135 regibus
1861 1058 1895 1114 et
1920 1043 2194 1136 imperatoribus

161 1189 304 1242 scurum
324 1175 391 1247 est,
413 1158 589 1251 principes
606 1155 645 1220 in
660 1175 795 1221 summa
811 1150 921 1240 gratia
937 1150 1032 1240 apud
1048 1161 1080 1216 te
1094 1148 1152 1216 fu·
1204 1158 1414 1236 coeperunt,
1447 1146 1499 1214 ibi
1520 1142 1606 1216 haec
1626 1148 1683 1215 lex
1703 1160 1787 1216 nata
1808 1160 1878 1227 est,
1916 1170 2008 1238 quae
2027 1143 2195 1237 prohibet

161 1289 261 1344 turos
283 1289 372 1348 esse,
402 1262 432 1329 si
453 1282 518 1327 nos
533 1258 707 1343 cedamus.
759 1251 830 1320 Nec
850 1251 998 1321 veniunt
1022 1251 1060 1317 in
1078 1248 1152 1317 dis-
1205 1246 1386 1336 coniugia,
1428 1247 1510 1340 quia
1532 1248 1718 1317 videbatur
1742 1260 1822 1337 apta
1842 1247 2088 1317 dominationi.
2144 1248 2194 1321 Et

162 1369 313 1443 crimina
335 1376 477 1457 propter
498 1358 609 1427 ullam
629 1376 768 1424 causam
789 1352 895 1419 aliam
916 1352 987 1418 nisi
1010 1362 1153 1440 propter
1205 1349 1287 1441 quia
1302 1348 1505 1438 pontifices,
1536 1347 1698 1440 occupati
1717 1348 1796 1416 aliis
1817 1349 1941 1428 rebus,
1973 1372 2102 1418 munus
2124 1352 2192 1421 do-

163 1469 342 1567 quoddam
359 1464 457 1556 pium
475 1472 508 1528 et
524 1455 720 1528 humanum
737 1453 904 1534 officium,
925 1454 1019 1543 quod
1038 1472 1152 1541 neque
1206 1451 1395 1518 eendarum
1411 1449 1633 1519 ecclesiarum
1649 1449 1899 1540 permittebant
1914 1443 2092 1519 monachis
2108 1475 2191 1522 eum

163 1568 405 1645 crudelitatem
420 1562 530 1632 ullam
545 1559 584 1626 iu
596 1554 821 1626 nosexerccri
834 1553 912 1642 ipsi,
936 1575 1051 1644 neque
1067 1551 1153 1619 alie·
1206 1549 1267 1619 alii
1289 1573 1425 1618 errores
1449 1551 1553 1620 multi
1577 1550 1615 1618 in
1638 1550 1818 1619 eeclesiam
1841 1549 2074 1640 irrepserunt,
2112 1567 2189 1623 tum

162 1696 231 1745 nae
254 1666 418 1740 saevitiae
443 1661 646 1732 mactandas
678 1679 743 1724 nos
775 1655 927 1724 obiicere
953 1654 1150 1722 voluerunt.
1206 1650 1309 1719 etiam
1332 1645 1419 1719 haec
1441 1651 1514 1740 ipsa
1537 1651 1715 1742 persuasio
1742 1651 1917 1735 devotis,
1949 1675 2038 1743 quae
2062 1653 2191 1746 etipsa

164 1774 266 1865 Quae
287 1782 338 1839 est
359 1767 466 1857 igitur
481 1764 546 1832 ista
564 1758 764 1839 iracundia,
796 1755 1153 1823 armaadversnsnos
1205 1750 1340 1842 profuit
1372 1747 1555 1820 monachis
1589 1753 1631 1819 ad
1656 1752 1900 1821 auctoritatem
1934 1753 2194 1829 stabiliendam.

164 1897 319 1951 sumere,
346 1893 364 1938 a
384 1866 512 1959 quibus
528 1861 677 1953 quilibet
689 1857 770 1925 irati
787 1857 935 1925 victores
949 1856 1079 1946 alioqui
1097 1878 1153 1922 ca·
1206 1850 1325 1939 Quare
1349 1876 1444 1921 nunc
1468 1852 1635 1922 iniuriam
1662 1853 1797 1922 faciunt
1822 1852 1986 1921 ecclesiae
2003 1856 2195 1944 pontifices,

162 1975 234 2070 ptis
247 1969 447 2044 civitatibus
458 1967 528 2033 iam
544 1959 744 2031 abstinent?
770 1952 940 2047 Autquae
954 1969 1065 2045 potest
1082 1978 1154 2023 esse
1205 1977 1284 2022 cum
1300 1946 1364 2020 has
1379 1954 1470 2042 leges
1486 1955 1529 2022 de
1544 1955 1719 2024 coelibatu
1733 1955 1813 2022 ideo
1829 1955 2045 2045 propugnari
2061 1956 2196 2043 iubent,

164 2082 243 2148 laus
257 2070 393 2160 magnis
416 2080 451 2136 ct
464 2064 616 2134 fortibus
636 2061 742 2148 digna
759 2058 862 2140 viris,
891 2059 984 2126 ferro
1002 2058 1153 2124 inermes
1206 2067 1247 2123 ut
1259 2054 1422 2124 ccclesiae
1438 2056 1647 2124 defendatur
1663 2054 1863 2126 auctoritas.
1913 2051 2004 2124 Nam
2023 2050 2088 2124 has
2103 2057 2196 2147 leges

165 2177 381 2254 sacerdotes,
403 2166 595 2236 imbecillas
609 2160 834 2231 mulierculas
850 2182 888 2226 ac
902 2182 1028 2249 pucros
1044 2157 1154 2227 truci-

166 2276 291 2349 dasse?
315 2270 454 2343 Deinde
471 2267 567 2345 vide,
601 2285 728 2355 quaeso
749 2258 962 2353 Imperator,
992 2284 1056 2348 pro
1075 2259 1154 2351 qui-

164 2383 233 2451 bus
245 2399 340 2447 arina
355 2374 465 2454 feras,
487 2388 637 2460 quarum
652 2385 772 2431 rerum
790 2361 947 2430 defensio
965 2374 1085 2428 nostro
1097 2360 1155 2426 in-

165 2480 293 2556 teritu,
320 2485 439 2542 nostra
455 2469 558 2537 caede
572 2461 777 2556 quaeratur!
807 2459 1013 2547 Flagitiosas
1032 2460 1155 2529 libidi-

167 2605 229 2654 nes
244 2599 324 2647 suas
338 2597 412 2641 non
427 2566 570 2638 defendi
584 2564 718 2646 solum,
750 2563 810 2629 sed
828 2561 932 2630 etiam
955 2560 1153 2629 confirmari

167 2658 200 2753 et
215 2676 335 2767 attgeri
350 2687 410 2744 tua
419 2662 761 2752 auctoritatcimpuri
778 2663 958 2753 pontifices
967 2662 1155 2752 postulant.

166 2783 367 2870 Utrumque
388 2785 504 2841 autem
525 2781 559 2836 ct
579 2780 639 2836 tua
659 2763 845 2848 felicitate,
877 2776 912 2833 et
926 2763 1107 2833 sanctitate
1122 2777 1156 2832 et

165 2879 336 2977 pudicitia
352 2889 411 2945 tua
425 2870 613 2959 indignum
629 2878 696 2950 est,
727 2866 903 2934 trucidare
920 2865 1090 2948 inermes,
1122 2877 1157 2934 et

167 2981 373 3058 crudelitate
394 2975 545 3044 aliorum
568 2968 736 3039 libidines
758 2965 944 3035 defendere
968 2980 1002 3035 et
1025 2964 1155 3035 confir-

166 3109 272 3157 mare.
324 3078 445 3169 Neque
471 3073 566 3142 enim
582 3069 669 3141 belli
685 3090 787 3138 causa
809 3068 882 3136 ulla
900 3067 967 3136 alia
991 3067 1061 3135 dici
1077 3079 1156 3154 pot-

167 3202 229 3267 est,
251 3207 357 3278 quam
374 3177 470 3271 quod
485 3169 524 3243 hi
538 3171 656 3241 miseri
665 3169 868 3238 maluerunt
882 3192 954 3236 esse
969 3169 1053 3239 casti
1069 3191 1155 3236 cou-

166 3291 284 3376 inges,
323 3304 427 3374 quam
454 3275 579 3346 incasti
605 3272 766 3341 coelibes.
815 3268 921 3338 Nulla
944 3293 1026 3339 vero
1051 3282 1157 3352 aetas,

167 3387 267 3457 nulla
287 3378 483 3471 respublica
504 3376 572 3445 fuit
592 3397 750 3465 unquam
768 3383 839 3440 tam
863 3370 1006 3440 inimica
1032 3371 1157 3439 coniu-

167 3489 246 3580 gio,
270 3495 310 3553 ut
327 3479 462 3549 bellum
478 3474 585 3544 simili
600 3475 643 3542 de
658 3496 760 3542 causa
774 3470 942 3556 moverit,
974 3485 1035 3541 aut
1050 3472 1158 3540 armis

168 3601 230 3659 ant
240 3585 276 3656 vi
291 3578 494 3668 coniugium
510 3568 771 3667 prohibendum
789 3595 862 3641 esse
878 3572 1028 3646 duxerit.
1053 3570 1157 3642 Nunc

168 3692 208 3759 in
225 3682 403 3757 ecclesiam
421 3675 609 3765 suscipitur
624 3697 716 3741 nova
734 3666 822 3740 haec
836 3686 870 3742 et
892 3673 1059 3744 inusitata
1076 3697 1158 3743 cru-

169 3790 311 3870 delitas,
344 3806 424 3851 cum
445 3776 483 3844 in
505 3774 649 3844 eeclesia
673 3773 803 3842 debent
819 3773 970 3841 maxime
990 3775 1157 3845 excellere

168 3887 311 3964 dilectio
333 3896 368 3951 et
390 3876 649 3948 misericordia!
686 3887 722 3944 et
741 3873 883 3965 quidem
907 3875 1097 3965 suscipitur
1113 3879 1157 3945 ad

168 3985 408 4064 defendendas
428 3979 616 4067 flagitiosas
634 3974 819 4060 libidines,
851 3999 930 4044 cum
954 3977 993 4043 in
1015 3977 1158 4049 ecclesia

168 4089 372 4179 coniugium
386 4094 569 4173 tantopere
583 4077 804 4169 praedicetur
817 4089 850 4147 ct
857 4075 938 4166 vagi
951 4077 1158 4147 concubitus

99 4272 107 4283 ‚
167 4188 436 4288 prohibeantur.

271 4290 341 4363 Sed
356 4306 495 4357 causam
512 4280 681 4369 allegant,
714 4300 795 4345 cum
815 4277 880 4345 tibi
897 4291 1055 4347 auctores
1075 4276 1157 4358 sint,

168 4417 264 4467 arma
280 4393 447 4460 adversus
462 4405 528 4454 nos
540 4378 720 4463 sumendi,
746 4379 843 4468 quod
854 4378 1011 4469 ipsonrm
1027 4380 1160 4450 consti-

168 4491 368 4571 tutionibus
389 4512 464 4556 non
485 4505 686 4577 pareamus,
719 4501 808 4569 quae
831 4480 1034 4568 coniugium
1055 4481 1159 4548 nobis

168 4591 398 4668 interdicunt.
446 4586 525 4660 Etsi
539 4579 625 4667 hacc
640 4604 716 4650 uon
731 4593 784 4648 est
800 4602 919 4660 causa,
945 4603 1087 4661 curuos
1102 4581 1159 4648 in-

168 4694 280 4769 terfici
303 4690 469 4778 cupiunt,
504 4687 565 4756 sed
580 4683 709 4754 scelere
728 4695 833 4774 atque
855 4681 937 4748 odio
961 4694 1159 4766 moventur,

168 4800 253 4894 quia
269 4815 348 4864 suas
358 4788 524 4874 libidines
537 4779 749 4875 reprehendi
763 4782 902 4868 nolunt,
922 4795 1039 4853 tamen
1048 4808 1159 4877 pauca

169 4902 326 4970 dicemus
342 4892 386 4960 de
404 4888 475 4955 illis
493 4886 813 4956 constitutionibus.

270 4995 425 5074 Scimus,
449 5003 501 5072 te,
526 4986 741 5057 sanctissime
762 4983 976 5076 Imperator,
1001 5002 1158 5059 nontam

169 5096 438 5177 constitutiones
452 5090 610 5180 ipsorum
626 5111 731 5178 quam
741 5088 981 5157 auctoritatem
996 5091 1159 5158 ecclesiae

167 5201 355 5277 defendere
371 5215 508 5284 cupere.
557 5185 678 5269 Hane,
703 5203 743 5255 ut
757 5191 873 5272 decet,
899 5202 933 5256 et
948 5191 1088 5257 maximi
1107 5192 1123 5257 s
1140 5234 1158 5245 -

167 5307 218 5381 cis
239 5305 333 5397 ipse,
366 5310 401 5365 ct
421 5306 622 5364 reverenter
644 5292 689 5359 ab
714 5288 879 5359 omuibus
903 5292 1067 5381 gentibus
1090 5293 1156 5361 coli

1208 2155 1348 2248 tyranni
1365 2169 1398 2225 ct
1414 2151 1531 2226 hostes
1547 2156 1709 2226 ccclesiae
1722 2156 1972 2229 condiderunt.
2004 2153 2088 2224 Non
2101 2159 2196 2228 enim

1208 2257 1349 2327 ecclesia
1373 2280 1429 2325 eas
1450 2257 1543 2346 leges
1572 2258 1641 2326 sibi
1659 2257 1770 2327 tribui
1791 2256 1888 2336 vult,
1930 2280 2018 2348 quae
2038 2273 2197 2348 pugnant

1208 2382 1289 2428 cum
1311 2357 1441 2427 divinis
1462 2359 1655 2449 praeceptis
1676 2372 1813 2427 etcum
1832 2358 2016 2426 universae
2035 2362 2198 2431 ecclesiae

1208 2459 1367 2530 decretis.
1416 2457 1591 2551 Praecipit
1608 2461 1702 2528 enim
1717 2459 1910 2551 scriptura,
1931 2473 1970 2529 ut
1983 2459 2061 2529 Deo
2077 2463 2196 2552 potius

1208 2584 1312 2654 quam
1334 2554 1538 2630 hominibus
1560 2561 1852 2652 obtemperemus.
1902 2558 2012 2628 Porro
2031 2556 2193 2632 Christus

1208 2663 1336 2731 diserte
1350 2663 1467 2740 docet,
1499 2662 1677 2730 neminem
1691 2663 1766 2730 sine
1781 2661 1946 2752 peculiari
1964 2663 2057 2729 dono
2080 2664 2197 2732 coele-

1208 2763 1253 2833 sti
1275 2762 1313 2829 in
1338 2761 1513 2830 coelibatu
1535 2787 1622 2853 pure
1637 2764 1757 2831 vivere
1779 2784 1895 2854 posse,
1927 2775 1961 2831 et
1985 2761 2101 2847 iubet,
2136 2788 2197 2832 eos

1208 2863 1261 2933 uti
1277 2863 1459 2950 coniugio,
1491 2864 1554 2954 qui
1576 2865 1621 2932 ad
1644 2865 1854 2934 coelibatum
1871 2885 1944 2931 non
1967 2877 2050 2932 sunt
2064 2865 2198 2939 idonei.

1209 2962 1306 3053 Quid
1326 2963 1435 3053 igitur
1449 2964 1580 3034 saciant
1593 2960 1651 3046 hi,
1677 2965 1807 3057 quibus
1822 2964 1860 3032 id
1876 2965 2008 3033 donum
2024 2989 2098 3032 non
2111 2990 2198 3034 con-

1209 3066 1332 3154 tingit,
1364 3065 1427 3155 qui
1442 3079 1643 3135 erroreaut
1660 3066 1765 3136 etiam
1780 3065 1931 3157 pervim
1952 3066 1989 3133 in
2006 3061 2092 3136 haec
2107 3068 2198 3138 vitae

1208 3189 1335 3255 genera
1360 3166 1493 3235 detrusi
1517 3181 1617 3251 sunt,
1657 3189 1746 3260 quae
1770 3166 1984 3237 coelibatum
2017 3167 2200 3257 flagitant?

1208 3265 1338 3338 Utrum
1352 3268 1461 3336 satius
1475 3282 1544 3353 est,
1568 3264 1634 3338 hos
1652 3283 1743 3337 caste
1758 3269 1797 3335 in
1815 3269 1980 3356 coniugio
1996 3268 2132 3352 vivere,
2152 3294 2198 3338 an

1210 3381 1244 3437 et
1257 3391 1330 3437 sese
1346 3379 1380 3437 et
1401 3369 1601 3438 nniversam
1624 3369 1800 3439 ecclesiam
1821 3370 1965 3438 nefariis
1987 3370 2197 3440 libidinibus

1209 3470 1392 3560 polluere?
1428 3468 1510 3538 Non
1532 3483 1585 3539 est
1606 3471 1680 3555 lex,
1714 3471 1774 3539 sed
1799 3470 1874 3560 ipsa
1897 3470 2077 3564 tyrannis,
2108 3494 2197 3564 quac

1210 3583 1262 3641 tot
1282 3570 1409 3639 scelera
1433 3571 1538 3640 simul
1559 3572 1671 3662 parit,
1704 3571 1874 3661 opprimit
1894 3571 2054 3640 divinam
2076 3573 2199 3660 legem,

1211 3672 1458 3741 conscientiam
1482 3673 1698 3744 contaminat
1729 3672 1942 3762 gravissimis
1962 3675 2131 3763 pcccatis,
2165 3688 2200 3743 et

1211 3774 1255 3845 ad
1270 3774 1570 3864 desperationem,
1601 3769 1669 3843 hoc
1689 3789 1756 3856 est,
1789 3775 1835 3843 ad
1851 3787 2055 3865 perpetuam
2072 3774 2199 3866 impie-

1212 3887 1316 3945 tatem
1333 3876 1425 3965 etad
1448 3875 1593 3943 exitium
1614 3876 1742 3965 adigit,
1776 3891 1952 3965 postremo
1967 3875 2145 3944 ecclesiam
2161 3889 2198 3945 et

1212 3982 1327 4047 totam
1342 3999 1460 4044 rerum
1486 3991 1649 4046 naturam
1672 3977 1812 4068 polluit.
1863 3975 1973 4053 Punit
1993 3976 2084 4044 enim
2099 3974 2199 4045 Deus

1212 4076 1379 4146 libidines
1396 4101 1468 4145 non
1483 4079 1598 4148 solum
1620 4081 1658 4147 in
1674 4080 1757 4170 ipsis
1777 4078 1978 4147 auctoribus
1995 4078 2107 4147 sedin
2122 4091 2199 4148 toto

1212 4201 1337 4267 genere
1359 4173 1537 4265 humano,
1562 4181 1598 4247 id
1617 4183 1712 4273 quod
1731 4174 1877 4248 historia
1893 4179 2021 4247 diluvii
2037 4192 2071 4248 et
2084 4177 2200 4251 Sodo-

1212 4303 1351 4348 morum
1374 4293 1410 4350 et
1426 4283 1590 4374 pleraque
1606 4282 1675 4350 alia
1690 4280 1849 4371 exempla
1870 4292 2056 4351 testantur.
2109 4279 2200 4351 Cum

1213 4380 1321 4469 igitur
1350 4376 1436 4450 liacc
1468 4383 1523 4451 lex
1554 4382 1599 4449 sit
1621 4406 1701 4450 vere
1725 4381 1887 4457 ecclesiae
1915 4395 1996 4451 tuae
2026 4379 2200 4480 [connatis

1212 4489 1315 4562 rides,
1368 4487 1490 4566 Caesar,
1540 4489 1622 4570 quod
1652 4492 1694 4567 ii,
1750 4496 1803 4572 qui
1837 4511 1892 4571 pro
1926 4512 1960 4550 es
1998 4493 2111 4552 tuenda
2148 4512 2202 4554 su-

1212 4577 1314 4680 munt]
1333 4576 1369 4678 *)
1390 4607 1505 4664 arma,
1535 4606 1609 4650 non
1634 4584 1797 4652 ecclesiae
1819 4586 2063 4655 auctoritatem
2080 4588 2202 4657 defen·

1213 4687 1321 4768 dunt,
1353 4686 1414 4751 sed
1440 4683 1645 4772 pontificum
1671 4685 1838 4755 iniustam
1859 4687 2200 4784 tyrannidem-qui

1213 4788 1368 4879 primum
1385 4808 1485 4853 suam
1508 4786 1806 4871 dominationem,
1836 4788 1964 4857 deinde
1983 4803 2017 4858 et
2032 4789 2202 4859 libidines

1213 4901 1333 4958 nostra
1368 4888 1473 4954 caede
1507 4888 1707 4956 confirmari
1731 4890 1921 4979 postulant.
1980 4887 2090 4960 Vides
2116 4890 2202 4961 belli

1213 5011 1367 5071 causam3
1392 4987 1537 5079 insuper
1552 5003 1585 5061 et
1602 4991 1731 5083 quibus
1746 5014 1843 5059 arma
1857 4991 2056 5076 minentur,
2076 5014 2203 5084 nempe

1215 5157 1444 5171 -u-Q-

1247 5253 1275 5322 f)
1292 5250 1482 5333 Praetermissa
1497 5266 1536 5332 est
1548 5255 1579 5308 ab
1594 5271 1637 5327 eo,
1655 5253 1701 5324 qui
1714 5252 1865 5326 descripsit,
1880 5252 1988 5317 lineola,
2010 5272 2092 5325 quam
2106 5253 2147 5309 sic
2158 5261 2206 5308 ut·

1280 5339 1390 5392 cunque
1403 5332 1518 5379 restitui.
