4748 6022
159 302 236 386 sss
739 299 1171 380 ur1sr0nanun
1229 304 1337 383 nra.
1369 304 1416 385 ic
1469 302 1601 385 asra.
1886 419 1888 423 .
2136 311 2224 387 ooo

164 475 399 567 comperimus
411 467 683 560 eumelingenio
692 469 839 542 feliciae
856 472 1029 543 bonarum
1041 472 1169 543 artium
1218 473 1358 554 sedem,
1381 495 1446 541 nec
1464 472 1696 543 aliosamicos
1711 475 1929 548 anteferrem.
1967 473 2125 546 Patriam
2142 501 2222 550 esse

166 578 286 669 capaci
302 575 499 666 praeditum
516 595 600 657 esse,
626 585 661 651 et
678 596 759 642 eum
775 573 814 643 in
828 575 971 645 caeteris
985 576 1077 644 vitae
1090 575 1170 644 offi-
1219 571 1403 657 iudicabo,
1428 574 1630 667 ubicunque
1652 576 1706 643 illi
1729 590 1843 645 erunt.
1894 575 2105 648 Sed-utrum
2127 582 2222 651 duas

167 679 230 747 ciis
247 699 362 745 mores
383 698 466 746 suos
488 668 635 744 honeste
659 673 807 759 rexisse,
834 688 866 744 et
881 675 1077 745 studiosum
1099 699 1171 744 esse
1220 673 1428 744 Academias
1443 669 1573 743 habere
1592 677 1670 746 Dux
1685 678 1798 746 victor
1814 675 1920 759 velit,
1933 679 2071 750 dubito.
2110 677 2158 753 Et
2176 697 2220 754 ut

167 777 308 872 pietatis
337 801 377 846 ac
407 775 606 845 doctrinam
631 769 821 845 catholicae
842 773 1019 846 Ecclesiae
1038 771 1172 846 Christi
1220 775 1325 858 velit,
1346 775 1376 842 si
1398 776 1570 864 praesidia
1591 792 1696 847 erunt
1720 780 1756 846 in
1778 779 1910 868 oppido
1934 780 2060 850 veteris
2076 778 2219 853 Acade-

169 878 354 971 amplecti‚
387 891 421 947 et
445 874 670 946 concordiam
692 876 871 965 publicam
893 901 1022 946 amare.
1080 873 1170 949 Cum
1220 876 1311 944 miae
1328 891 1487 956 nostrae,
1503 901 1592 968 quae
1608 880 1874 969 potestibicsse
1889 873 2032 965 Schola,
2055 907 2219 973 praesec-

170 994 289 1051 autem
312 981 470 1068 linguam
495 978 643 1047 latinam
666 989 701 1045 et
724 977 841 1069 aliqua
860 979 1040 1048 doctrinae
1054 975 1174 1069 philo·
1220 977 1284 1045 tim
1299 999 1380 1057 oum
1396 978 1539 1046 licentia
1554 991 1588 1048 et
1602 980 1795 1070 petulantia
1808 981 1963 1048 militum
1980 981 2031 1051 ibi
2047 985 2163 1055 maior
2173 987 2220 1056 sit

171 1077 336 1173 sophicae
359 1080 531 1148 elementa
548 1077 744 1161 didicisset,
769 1092 803 1148 et
827 1079 1041 1169 intelligeret
1061 1075 1174 1149 bone·
1220 1099 1325 1169 quam
1347 1077 1385 1145 in
1411 1078 1490 1147 aliis
1515 1079 1624 1147 locis?
1673 1075 1793 1148 Audio
1813 1081 1907 1148 enim
1925 1075 2218 1156 GolhaeCaesa-

172 1196 306 1252 starum
322 1179 590 1270 disciplinarum
604 1178 720 1247 studia
736 1181 779 1246 ad
800 1180 987 1251 utilitatem
1004 1179 1174 1271 reipubli-
1221 1178 1341 1246 rianos
1356 1179 1486 1248 milites
1502 1181 1666 1249 collectos
1688 1182 1732 1249 ad
1748 1178 1957 1250 Danubium
1971 1197 2003 1252 et
2020 1183 2218 1256 Neccarum

174 1308 235 1353 cae
250 1282 434 1352 referenda
453 1303 543 1365 esse,
558 1277 739 1349 doctrinae
754 1281 1086 1352 iurisconsultorum
1101 1303 1174 1349 sese
1220 1277 1334 1346 multo
1353 1301 1425 1347 esse
1446 1281 1674 1349 modestiores
1691 1281 1766 1350 istis
1781 1278 1942 1351 Henetis.
1990 1281 2162 1357 Fortassis
2180 1303 2219 1359 el

173 1384 335 1454 addicere
356 1382 489 1473 coepit,
529 1404 619 1476 quac
642 1404 723 1451 crnn
745 1381 898 1452 iustitiae
919 1385 1069 1452 formam
1092 1406 1175 1473 per·
1222 1376 1405 1449 Saxonicis
1419 1377 1630 1451 Civitatibus
1646 1382 1780 1450 bellum
1797 1382 1965 1464 insertur,
1985 1388 2077 1477 qnod
2092 1388 2123 1456 si
2140 1389 2216 1474 fiet,

174 1484 303 1557 lectiss.
322 1498 519 1574 proponat,
552 1495 588 1551 et
619 1481 664 1550 ad
685 1481 841 1573 privatos
862 1508 976 1553 mores
997 1484 1175 1572 regundos
1221 1493 1293 1549 tota
1308 1480 1368 1548 illa
1383 1481 1510 1550 vicinia
1527 1481 1594 1552 erit
1608 1481 1812 1573 inquietior.
1866 1483 1950 1552 ldco
1964 1486 2007 1553 de
2022 1489 2128 1556 veteri
2142 1513 2213 1558 no-

176 1586 279 1655 valde
299 1584 399 1655 utilis
422 1596 490 1667 est,
516 1596 550 1653 et
564 1582 685 1671 regula
707 1596 759 1652 est
772 1585 1036 1672 gubernationis
1053 1582 1175 1674 politi·
1223 1594 1294 1649 stra
1310 1583 1411 1661 sede,
1432 1582 1517 1673 quid
1533 1582 1608 1673 spei
1625 1605 1698 1651 esse
1714 1583 1822 1672 possit
1838 1607 1911 1652 non
1927 1584 2043 1654 video.
2090 1585 2211 1658 lncre-

177 1710 255 1770 cae,
281 1698 315 1755 et
330 1699 446 1756 custos
462 1684 670 1775 disciplinae
683 1707 723 1753 ac
739 1684 835 1775 pacis
850 1685 944 1755 intra
958 1687 1061 1759 cives.
1087 1681 1176 1754 Eius
1223 1680 1326 1752 dibili
1350 1682 1473 1750 dolore
1494 1683 1655 1767 adticior,
1670 1684 1812 1778 quoties
1828 1678 1891 1752 has
1906 1694 2023 1754 ta'otas
2037 1687 2213 1758 calamita-

179 1787 233 1857 rei
256 1809 358 1856 causa
379 1781 439 1855 hic
451 1775 678 1855 Francicus
686 1776 724 1879 *)
744 1799 777 1855 et
793 1783 964 1857 Doctores
987 1786 1116 1856 artium
1142 1797 1176 1854 ct
1222 1795 1273 1854 tes
1295 1782 1401 1851 unius
1421 1783 1544 1874 oppidi
1564 1784 1675 1852 nostri
1691 1785 1892 1869 considero,
1914 1785 2061 1879 inquo,
2079 1788 2219 1858 etiamsi

179 1887 268 1957 iuris
299 1887 340 1955 in
365 1882 431 1956 hac
455 1882 574 1955 schola
599 1885 756 1970 audivit,
786 1899 819 1955 et
845 1888 922 1956 eius
944 1887 1118 1957 industria
1142 1899 1177 1955 et
1222 1883 1335 1952 multa
1352 1884 1496 1955 luerunt
1519 1884 1625 1953 vicia:
1653 1898 1771 1954 tamen
1783 1887 1915 1956 multae
1931 1910 1985 1957 res
2002 1891 2221 1961 necessariae

180 1990 357 2080 profectus
381 1989 486 2056 bonis
508 2000 543 2057 et
567 1986 680 2056 doctis
703 1987 790 2056 viris
812 1987 860 2058 ita
885 1988 1029 2078 probari
1052 1987 1177 2078 coepit,
1222 1979 1400 2052 Ecclesiae
1424 1999 1517 2054 recte
1543 1984 1735 2055 illustratae
1758 2001 1868 2063 sunt.
1901 1984 1992 2061 Cum
2018 2003 2136 2058 autem
2154 2015 2220 2060 ne-

180 2103 222 2160 ut
245 2113 320 2159 non
348 2089 550 2170 dubitetur,
571 2088 709 2178 ipsum,
734 2088 764 2157 si
789 2086 864 2158 Deo
890 2090 1032 2158 iuvante
1055 2103 1175 2178 coepta
1224 2106 1317 2153 cesse
1335 2087 1381 2154 sit
1395 2109 1460 2154 nos
1476 2098 1557 2154 ante
1575 2080 1735 2180 hyemem
1752 2088 1796 2154 de
1810 2083 1975 2178 hospitiis
1992 2090 2166 2177 cogitare,
2184 2105 2218 2162 et

182 2188 299 2260 studia
320 2191 526 2281 prosecutus
545 2189 674 2272 fuerit,
712 2189 927 2279 reipublicae
949 2213 1076 2279 magno
1097 2189 1177 2258 usui
1225 2208 1288 2272 ego
1311 2186 1387 2255 sine
1412 2186 1559 2256 consilio
1580 2199 1695 2256 vestro
1719 2180 1812 2255 nihil
1833 2189 1877 2257 de
1902 2212 1979 2256 mea
2003 2191 2217 2280 migratione

183 2306 219 2362 et
235 2304 441 2360 ornamento
456 2292 616 2359 futurum
633 2311 718 2360 esse.
769 2286 859 2358 Cum
884 2292 1001 2384 itaque
1017 2292 1176 2360 omnium
1225 2286 1438 2358 constituere
1453 2287 1576 2372 velim,
1598 2288 1737 2357 decrevi
1757 2290 1801 2358 ad
1817 2312 1879 2357 vos
1896 2283 2104 2360 Servestam
2120 2317 2217 2363 acce-

182 2387 415 2461 honestorum
431 2390 590 2459 virorum
610 2389 730 2457 lavore
745 2390 845 2477 digni
866 2392 957 2475 sint,
981 2392 1043 2485 qui
1067 2393 1178 2461 bonas
1225 2388 1326 2472 dere,
1343 2412 1382 2456 ac
1397 2385 1473 2456 Deo
1491 2388 1634 2459 iuvante
1651 2411 1726 2457 cras
1742 2389 1809 2458 iter
1827 2389 2017 2479 ingrediar.
2055 2391 2167 2484 Coepi
2184 2408 2235 2483 et,

184 2504 292 2575 artes,
318 2489 507 2575 iustitiam,
532 2488 624 2576 leges
646 2502 680 2557 et
696 2490 920 2578 disciplinam
935 2505 1054 2560 amant
1068 2507 1103 2562 et
1118 2515 1180 2560 ve·
1225 2502 1307 2558 ante
1318 2489 1500 2558 octiduum
1518 2489 1584 2559 iter
1598 2491 1712 2560 lacere
1726 2492 1864 2576 advos,
1887 2493 1944 2559 scd
1967 2515 2025 2560 me
2044 2497 2214 2586 quaedam

173 2603 374 2674 merantur,
400 2591 685 2659 commendamus
706 2589 756 2658 eis
779 2602 812 2658 et
830 2585 926 2660 hunc
944 2589 1182 2676 Franciscnm,
1225 2611 1300 2657 non
1315 2588 1401 2659 levis
1413 2613 1514 2659 causa
1530 2585 1599 2660 buc
1614 2588 1778 2673 retraxit,
1802 2606 1841 2662 ut
1856 2617 1973 2661 coram
1992 2593 2090 2663 vobis
2104 2618 2214 2685 expo-

185 2716 316 2786 eosque
335 2686 538 2774 hortamur,
575 2703 615 2759 ut
646 2704 791 2781 propter
821 2685 884 2761 has
909 2716 996 2787 qrras
1027 2693 1180 2776 diximus
1226 2712 1320 2762 nam.
1351 2687 1476 2767 Scribo
1493 2691 1537 2761 ad
1554 2684 1957 2775 PaulamEberum,et
1973 2696 2016 2761 ad
2029 2687 2154 2761 Vitam
2164 2697 2211 2765 de

185 2816 307 2865 causas
320 2793 435 2883 ipsum
458 2803 616 2860 amanter
634 2793 928 2882 complectantur,
953 2808 986 2864 et
1000 2795 1125 2865 studiis
1141 2818 1181 2863 ac
1227 2785 1295 2858 hoc
1310 2815 1388 2860 meo
1402 2791 1548 2878 itinere,
1562 2815 1694 2887 vosque
1709 2816 1791 2877 oro,
1805 2806 1847 2863 ut
1861 2794 1979 2864 literas
1990 2790 2215 2866 Vitoinscria

181 2894 312 2965 officiis
335 2893 406 2961 suis
430 2916 504 2961 non
526 2906 666 2986 gravate
683 2916 809 2961 ornare
824 2908 858 2961 et
872 2895 1039 2965 adiuvare
1058 2896 1181 2965 velint.
1227 2905 1303 2981 ptas
1319 2894 1362 2960 ad
1381 2887 1567 2962 honestum
1585 2889 1707 2963 Civem
1723 2891 2052 2983 Meidcburgensem
2068 2889 2216 2965 Tache-

186 2993 240 3066 Ac
262 2994 402 3087 nequis
424 2993 555 3061 deiide
577 2987 702 3061 barum
729 2995 908 3063 literarum
938 2998 1093 3081 dubitet,
1114 2998 1181 3066 ob-
1228 3015 1307 3059 rum
1326 2992 1489 3078 mittatis,
1512 2994 1574 3087 qui
1589 2995 1718 3085 poterit
1743 3017 1800 3063 eas
1821 2993 2040 3069 Stendalinm
2063 2997 2216 3093 mittere.

186 3097 402 3186 signavimus
423 3117 479 3162 eas
500 3094 615 3182 sigillo
630 3095 849 3183 magistratus
867 3091 1083 3182 scholastici,
1109 3121 1179 3190 quo
1227 3092 1381 3163 Domino
1407 3085 1587 3163 Conrado
1610 3091 1682 3167 W
1678 3091 1793 3163 s'ckorl
1816 3097 1961 3166 salutem
1985 3111 2088 3187 opto,
2111 3122 2215 3191 quem

188 3193 257 3266 hoc
279 3211 435 3286 tempore
467 3194 662 3280 fungimur.
719 3194 829 3265 Datae
853 3195 1100 3289 Wittebergae
1122 3199 1180 3268 die
1227 3193 1338 3264 miror
1350 3197 1510 3265 nondum
1527 3192 1659 3264 Ianam
1674 3220 1850 3265 reversum
1867 3221 2053 3278 esse,cum
2070 3201 2214 3291 quidem

188 3294 271 3370 ΧΠ.
285 3294 373 3367 lulii
389 3291 497 3364 Anno
510 3292 644 3365 Christi
662 3297 736 3364 nati
751 3294 976 3368 MDXLVll.
1226 3293 1400 3385 Terringia
1424 3321 1520 3366 nunc
1533 3297 1599 3368 Dei
1615 3298 1784 3367 beneficio
1807 3299 1998 3391 tranquilla
2019 3298 2066 3368 sit
2083 3314 2117 3371 et
2138 3322 2213 3391 spes

603 3393 619 3490 (
628 3394 668 3469 L.
696 3393 757 3489 S.)
1227 3394 1271 3464 sit
1285 3399 1445 3487 copiosae
1460 3398 1582 3466 messis
1599 3412 1632 3469 et
1646 3398 2025 3490 copiosaevindemiae.
2052 3399 2213 3471 Profecto

1227 3496 1402 3585 singulare
1418 3498 1484 3568 Del
1504 3499 1713 3570 beneficium
1737 3501 1895 3591 estquod
1918 3501 1954 3568 in
1980 3502 2089 3571 tantis
2111 3502 2214 3582 mise·

1226 3597 1287 3665 riis
1303 3593 1430 3668 harum
1445 3613 1617 3670 terrarum
1633 3598 1729 3669 Deus
1742 3614 1860 3670 tamen
1876 3598 2080 3692 probibuit,
2100 3619 2214 3673 vasta-

188 3725 255 3801 ΝΟ,
270 3726 381 3800 3938,
1005 3735 1081 3819 (¹3.
1100 3734 1179 3816 lul.)
1226 3697 1360 3767 tionem
1376 3698 1581 3791 Turingiae.
1629 3697 1727 3771 Bene
1741 3701 1865 3771 valete.
1904 3701 1971 3772 Die
1991 3700 2078 3774 Iulii
2096 3703 2153 3814 l6.

191 3821 403 3865 νυν
1036 3829 1164 3854 Μ

496 3919 619 4034 Aug.
650 3916 864 4030 Schurfio.
1017 4016 1018 4019 γ

255 4075 397 4149 misens.
413 4076 448 4132 n.
462 4097 490 4151 ρ.
505 4079 566 4134 sss.
585 4079 641 4148 (aa.
654 4080 742 4139 cona
755 4082 802 4140 ns
818 4081 907 4154 na...
921 4082 1008 4150 cesa.
1223 4087 1289 4158 No.
1305 4087 1420 4160 3959.
1713 4068 1725 4082 “
1845 4096 1902 4161 15·
1928 4091 1989 4161 nn,
2015 4093 2191 4176 (nonum.)

363 4224 418 4299 D.
451 4225 714 4326 Augustino
739 4227 999 4334 Schurssr'o
1228 4183 1400 4215 ww
1779 4191 2212 4236 m

1628 4286 1798 4374 Eidem.
1864 4361 1866 4364 ,

1249 4484 1252 4489 .
1290 4427 1375 4502 Epist.
1390 4428 1436 4486 lib.
1451 4429 1485 4485 ll.
1496 4446 1524 4500 p.
1536 4429 1598 4486 466.
1612 4433 1669 4503 (ed.
1685 4434 1777 4489 Lond.
1794 4433 1841 4489 lib.
1855 4434 1888 4490 ll.
1901 4455 1942 4504 ep.
1956 4433 2037 4498 49l.).

184 4335 230 4427 S·
253 4354 297 4430 D.
347 4360 624 4445 Clarissime,vir
643 4381 677 4438 et
699 4368 808 4436 amice
824 4364 1046 4459 charissime,
1096 4369 1173 4442 Etsi

187 4458 304 4528 statim
328 4462 433 4535 initio
459 4468 555 4537 exilii
570 4468 683 4539 nostri
700 4482 841 4538 vocatus
858 4493 934 4538 sum
954 4471 990 4538 in
1009 4473 1173 4560 patriam:

52 4602 58 4655 5
102 4572 108 4592 ‘
182 4573 304 4629 tamen
324 4565 441 4635 subito
465 4592 505 4638 ex
534 4565 590 4638 his
619 4565 822 4659 regionibus
852 4570 953 4639 nolui
983 4572 1172 4648 discedere.
1365 4561 1450 4668 ,D·
1476 4564 1743 4662 Augustino
1767 4563 2027 4670 Sssllurfst‘0

182 4657 256 4730 Nec
270 4661 413 4753 disputo
430 4691 536 4760 quam
558 4671 734 4764 sapienter
752 4670 904 4745 fecerim.
956 4669 1025 4741 Sed
1039 4697 1095 4742 me
1115 4677 1173 4744 vel
1219 4676 1263 4766 S,
1291 4697 1335 4769 D,
1386 4694 1588 4768 clarissime

173 4761 397 4835 fidelium
418 4768 647 4861 ⁶⁰¹¹⁰8³m¹¹¹2
673 4772 729 4841 Vll
749 4772 838 4843 aliie
852 4771 931 4863 piae
944 4795 1067 4844 caum
1080 4776 1173 4847 defi·
1219 4791 1297 4866 heri
1311 4798 1355 4866 ad
1368 4797 1538 4868 familiam
1546 4824 1660 4870 meam
1675 4826 1834 4872 reversus
1845 4829 1952 4875 essem
1963 4829 2004 4874 ex
2017 4810 2100 4879 aula
2108 4805 2183 4880 W
2178 4807 2209 4877 ι’·

182 4878 350 4936 nuerunt.
387 4861 581 4962 Acqniesco
597 4872 692 4942 enim
711 4872 750 4942 in
764 4868 829 4943 hac
843 4874 1034 4946 sententia:
1061 4875 1100 4947 Si
1114 4880 1171 4948 vel
1218 4894 1414 4982 mutiensi,
1432 4895 1654 4996 lachrymam
1669 4901 1826 4974 exhibuit
1843 4901 1931 4974 mihi
1951 4907 2022 4976 filia
2038 4933 2117 4979 mea
2130 4911 2210 4983 1330.

1614 4701 1670 4769 vir
1695 4715 1729 4770 et
1752 4703 1862 4772 amice
1886 4699 2110 4791 charissime,
2131 4732 2208 4778 cum

189 4959 454 5060 Wlsshssfffals
474 4972 531 5040 vel
547 4971 635 5041 alibi
656 4974 751 5046 illle?
765 4988 899 5046 vetem
912 4976 1062 5066 C⁰l¹08³³
1076 4979 1172 5049 Vim
1218 5021 1274 5068 ras
1289 5012 1420 5068 vestras
1437 5002 1481 5069 de
1501 4996 1766 5074 honestissimae
1786 5007 1944 5094 coniugis
1960 5022 2099 5080 vestrae
2112 5034 2208 5080 mor-

181 5067 1170 5170 d⁰⁰ll⁸⁸l¹¹¹⁰⁸⁰¹ifll‘ssfflimffll'ivef‘P⁰⁸⁸⁶¹¹¹2waliam
1205 5100 1264 5169 bo
1283 5114 1318 5170 ct
1336 5099 1482 5173 interitu
1502 5105 1665 5196 scriptas,
1687 5128 1774 5197 quas
1789 5131 1868 5177 cum
1883 5109 2052 5197 legerem,
2076 5112 2208 5202 cogita·

879 5292 881 5299 ἲ
1215 5223 1360 5292 remque
1382 5202 1426 5270 ad
1449 5227 1655 5274 communes
1675 5206 1834 5277 miserias
1851 5224 2004 5281 caeteras
2020 5212 2128 5284 etiam
2144 5215 2206 5284 do-

208 5346 241 5420 ἦ
259 5345 337 5422 Opus
355 5347 447 5407 babuit
465 5351 603 5408 Francisc.
617 5370 633 5407 s
646 5353 684 5408 K.
698 5351 832 5409 eiusmodi
846 5354 1017 5421 testimonio,
1034 5365 1065 5412 nt
1082 5339 1168 5429 recipi
1215 5302 1357 5372 mesfica
1373 5304 1519 5375 vulnera
1535 5318 1605 5375 iam
1623 5307 1734 5376 muna
1754 5309 1857 5378 nobis
1873 5314 2053 5383 accedere:
2080 5337 2205 5401 magna

262 5419 395 5487 ponus„
409 5438 555 5478 numerum
566 5424 765 5481 „nomm
779 5422 960 5497 Msgdebmg.
1214 5403 1304 5473 facta
1325 5417 1377 5474 cst
1399 5407 1547 5476 accessio
1572 5408 1616 5477 ad
1638 5407 1778 5480 dolores
1798 5435 1894 5482 meos
1917 5414 2068 5502 priores.
2123 5416 2205 5488 Scio
