4748 6022
255 149 334 229 sn
390 236 391 241 q
839 132 1280 214 aarsrocanon
1344 138 1538 222 mna
1592 141 1725 224 1547.
2026 148 2056 250 j
2238 156 2319 233 5⁶0

260 325 403 397 beatum
426 335 476 391 est
496 320 537 389 in
555 313 644 387 locis
659 311 805 382 desertis
821 324 856 382 et
872 304 1029 382 horridis
1046 309 1157 401 magis
1172 331 1262 404 opus
1312 315 1458 406 propius
1482 315 1694 386 adducerem
1719 317 1890 391 familiam
1912 322 1951 391 in
1971 346 2010 395 ea
2027 323 2122 413 loca,
2148 348 2215 415 per
2231 351 2323 419 qnae

261 451 338 498 esse
358 422 552 519 peregrinis
567 416 636 487 Dei
657 415 907 485 familiaritate.
957 411 1011 483 Ac
1032 435 1098 481 nos
1119 411 1263 506 quidem
1313 414 1351 481 in
1371 417 1520 508 patriam
1546 417 1614 486 iter
1635 418 1809 489 facturum
1833 446 1888 489 me
1914 447 1986 493 esse
2002 424 2222 514 cogitabam.
2276 426 2323 502 Et

264 525 433 600 hactenus
448 523 544 592 Deus
558 521 748 588 clementer
764 516 933 608 protexit,
958 528 1202 605 veneruntque
1217 514 1263 580 ad
1316 516 1386 584 iam
1410 542 1466 586 me
1481 531 1581 587 vocat
1596 515 1786 590 Academia
1801 521 2053 612 Tubingensis.
2104 525 2175 594 Sed
2192 527 2322 602 infixus

265 655 322 699 me
344 627 438 697 docti
460 622 597 714 aliquot
611 633 646 688 et
659 641 783 703 suaves
797 617 923 700 amici,
947 617 1038 686 utin
1055 611 1120 684 hac
1138 615 1264 684 solitu·
1316 631 1365 685 est
1394 619 1528 708 pectori
1559 643 1638 689 meo
1674 637 1707 692 et
1731 624 1866 691 intimis
1889 626 2049 693 sensibus
2073 627 2199 716 ingens
2224 656 2323 702 amor

263 732 349 800 dine
371 741 407 796 et
428 727 466 793 iu
487 719 544 792 his
570 721 660 791 saxis
683 742 740 788 me
756 744 774 788 a
790 742 950 787 moerore
967 713 1134 786 nonnihil
1151 718 1265 785 abdu—
1317 719 1428 788 nostri
1454 720 1571 788 niduli
1593 724 1637 790 ad
1654 724 1795 808 Albim,
1821 738 1857 793 et
1874 727 2067 794 amicorum
2091 729 2153 819 qui
2170 730 2225 799 ibi
2242 749 2324 806 sunt

262 842 396 902 cerent.
453 821 507 895 Ac
536 820 593 892 his
615 822 740 890 diebus
762 820 1023 911 aliquantulum
1044 817 1204 910 acquievi
1225 816 1265 884 in
1318 833 1353 888 et
1377 822 1414 887 in
1439 821 1589 904 vicinia,
1619 835 1660 892 ut
1679 849 1754 894 non
1777 826 1852 893 sine
1873 849 2001 914 magno
2027 827 2151 897 dolore
2178 832 2224 899 ab
2253 833 2324 904 illis

263 928 491 1003 sermonibus
520 922 766 995 eruditissimis
799 935 833 991 et
858 920 1070 990 dulcissimis
1095 912 1269 986 Martini
1318 922 1497 990 discedere
1517 923 1665 1012 possim.
1685 948 1688 953 ’
1716 924 1838 1018 ltaque
1860 927 1961 994 brevi
1981 929 2025 995 ad
2048 925 2170 997 Albim
2200 957 2323 1005 rursus

264 1025 499 1104 Sidemwm'·
558 1024 660 1094 Nosti
685 1024 796 1108 illud,
827 1026 950 1117 ψυχῆς
971 1011 1154 1112 νοσούσης
1175 1013 1267 1089 εἰσὶν
1318 1026 1491 1094 accedam.
1543 1021 1662 1090 Hodie
1688 1041 1828 1118 expecto
1855 1029 2011 1096 reditum
2036 1031 2107 1097 mei
2132 1033 2323 1123 tabellarii,

268 1127 391 1228 ἰατροὶ
406 1125 520 1226 λόγοι.
558 1124 679 1214 Quare
695 1138 728 1193 te
747 1124 1006 1216 quoquenobis
1023 1123 1176 1213 optarim
1192 1143 1268 1189 sae·
1319 1122 1703 1215 quemWittebergam
1720 1128 1813 1208 misi,
1840 1141 1873 1197 et
1889 1130 2085 1219 respondeo
2102 1132 2215 1202 literis
2232 1133 2323 1206 Aca-

269 1237 350 1327 pius
371 1232 521 1301 scribere
543 1229 586 1297 de
604 1227 675 1296 tuis
691 1240 725 1295 et
739 1224 937 1294 luventutis
953 1237 1033 1293 tuae
1048 1222 1196 1305 studiis,
1224 1222 1268 1290 de
1320 1223 1455 1292 demiae
1470 1222 1719 1313 Tubingensis.
1773 1225 1857 1296 ldeo
1875 1231 2036 1299 nondum
2053 1227 2080 1325 ⁵)
2096 1257 2240 1323 possum
2259 1239 2324 1310 iter

262 1333 447 1407 Ecclesiae
470 1344 604 1398 vestrae
628 1341 738 1410 statu,
770 1338 805 1393 et
826 1348 977 1416 quorum
1003 1325 1094 1393 istuc
1114 1321 1268 1391 familia·
1321 1325 1476 1412 ingredi,
1497 1350 1643 1417 meaque
1659 1327 1812 1416 pericula
1827 1327 1903 1397 Deo
1919 1335 2137 1406 commendo.
2185 1335 2324 1409 l⁷ideor

270 1440 375 1509 ritate
398 1431 521 1503 utaris.
582 1425 786 1497 Certamina
807 1423 1013 1516 Principum
1034 1437 1096 1493 aut
1116 1422 1268 1514 populo·
1320 1427 1416 1492 enim
1436 1426 1608 1513 mediocri
1630 1427 1812 1516 diligentia
1830 1424 2000 1500 hactenus
2017 1448 2117 1519 usus,
2139 1459 2205 1506 nec
2221 1437 2323 1510 Deus

270 1561 351 1609 rum
368 1538 411 1604 de
429 1529 590 1622 Imperiis
603 1527 795 1617 significari
811 1521 902 1594 mihi
917 1527 1013 1594 nolo.
1049 1517 1290 1591 Martinam.
1320 1527 1399 1617 plns
1422 1527 1577 1617 postulat
1600 1553 1706 1620 quam
1730 1531 1943 1599 mediocrem
1966 1535 2172 1609 cautionem.
2231 1537 2326 1609 Cae·
2357 1546 2362 1562 ⁴

271 1652 433 1710 nostrum
456 1647 498 1702 ut
518 1629 739 1699 familiariter
761 1627 1018 1718 complectaris,
1044 1626 1270 1711 teetiamat·
1321 1641 1395 1696 tera
1421 1621 1583 1721 omnia⁶)
1608 1630 1686 1698 vult
1707 1631 1775 1699 sibi
1794 1635 2046 1706 commendari.
2096 1633 2185 1704 Nam
2201 1642 2324 1710 omnia

272 1763 342 1834 que
367 1738 475 1807 etiam
497 1728 685 1814 adhortor,
719 1729 923 1820 praesertim
946 1752 1026 1796 cum
1050 1729 1093 1795 ad
1120 1739 1271 1795 caeteras
1323 1727 1476 1819 pericula
1496 1728 1598 1796 vitari
1616 1725 1781 1798 humanis
1796 1734 1954 1811 consiliis
1969 1752 2219 1829 nonpossunt.
2250 1739 2325 1810 Ve-

273 1839 413 1922 causas,
446 1847 590 1926 propter
610 1854 697 1924 quas
716 1830 869 1900 amicitia
889 1829 999 1921 ipsius
1015 1828 1081 1898 tibi
1099 1826 1272 1917 voluptati
1323 1853 1402 1898 rum
1419 1841 1470 1895 est
1483 1829 1574 1897 illud
1590 1825 1774 1920 Euripidis
1790 1828 1837 1927 ⁷):
2183 1907 2191 1915 δ

271 1947 391 2019 lutura
412 1951 481 2019 est,
511 1933 677 2001 videlicet
697 1933 743 1999 ad
767 1931 1005 2000 eruditionem
1028 1941 1062 1998 et
1082 1930 1270 1997 candorem
1405 1975 1448 1986 -
1468 1975 1510 1986 -
1531 1940 1565 2003 cl
1584 1941 1665 2022 τῆιῐα
1681 1943 1761 2020 ’τοὺς
1783 1943 2000 2030 ταλαιπώρους
2020 1950 2158 2030 βροτοὺς

271 2041 402 2125 animi,
429 2037 569 2106 accedat
583 2047 617 2103 et
634 2027 720 2101 haec
734 2055 854 2115 causa,
880 2032 977 2122 quod
995 2029 1192 2101 communis
1208 2051 1272 2096 vo·
1407 2032 1532 2130 nequir
1555 2023 1693 2132 λέγουσι)
1720 2033 1785 2134 ,σοῦ
1805 2028 1865 2137 ydp
1885 2025 2096 2138 ἐξηρξῆμεθα,

271 2143 328 2216 bis
341 2141 455 2234 patria
471 2150 539 2219 est,
563 2148 598 2202 ct
613 2134 756 2226 quidem
771 2133 832 2202 illa
846 2133 919 2223 ipsa
934 2131 1042 2220 regio,
1067 2154 1158 2222 quae
1173 2130 1273 2217 inge·
1358 2176 1361 2182 ·
1407 2109 1529 2231 ‘59⁰’de
1550 2131 1584 2172 τε
1605 2115 1721 2233 ‘matti
1752 2111 1790 2175 ἂν
1813 2139 1854 2177 ⁰¹¹
1874 2138 2028 2202 torperem
2050 2117 2165 2181 aaa..

273 2247 334 2316 nia
350 2242 497 2313 minime
515 2238 631 2307 fucata
652 2234 774 2325 gignit.
825 2230 922 2301 Bene
939 2234 1027 2301 vale.
1077 2227 1273 2303 Dicatu—
1323 2207 2323 2314 B·V·13125·l¹1¹¹l¹.‘1¹1⁰²¹¹110³1¹110819000tpaulo

274 2346 328 2417 nii
387 2366 458 2435 quo
480 2352 560 2408 ante
586 2360 699 2405 annos
725 2330 821 2407 1924
843 2332 1026 2402 Leuctrica
1050 2356 1165 2422 pugna
1190 2330 1274 2399 victi
1325 2315 1476 2405 amplius
1503 2317 1548 2383 ad
1573 2314 1761 2386 Leuctram
1785 2320 1903 2409 puniit
1927 2318 2196 2412 Epaminondas
2218 2323 2325 2395 Lace.

273 2400 477 2542 Spdrtani,
510 2461 642 2529 poenas
664 2434 848 2525 superbiae
870 2435 909 2500 in
931 2434 1079 2523 imperio
1102 2429 1273 2503 etlihidi.
1326 2417 1595 2515 daemoniorum
1619 2416 1789 2487 libidines
1815 2435 1849 2490 et
1872 2425 2129 2498 crudelitatem.
2183 2423 2327 2496 Utinam

274 2545 566 2618 numdedefflnt,
598 2537 746 2608 Utinam
763 2559 847 2604 vero
863 2535 988 2602 similis
1002 2533 1190 2602 concordia
1205 2526 1274 2601 hoc
1325 2515 1420 2585 Dens
1437 2530 1472 2586 ct
1488 2512 1704 2632 hispanicam
1720 2521 1900 2591 saevitiam
1920 2536 1954 2593 et
1967 2525 2169 2614 spurcitiam
2186 2529 2328 2614 puniat,

276 2671 372 2720 anno
393 2641 534 2713 Ducum
558 2651 760 2707 nostrorum
784 2635 926 2718 fuisset,
963 2636 1078 2728 qualis
1101 2649 1185 2706 tunc
1206 2633 1275 2701 suit
1327 2619 1420 2710 q¹1⁰d
1453 2620 1596 2708 qttldem
1625 2621 1801 2690 facturum
1833 2647 1905 2691 csse
1929 2647 2002 2692 non
2025 2625 2157 2696 dubito.
2217 2625 2329 2695 Salu-

273 2744 546 2838 Epaminondae
568 2753 604 2810 et
628 2736 829 2828 Pelopidae.
893 2735 965 2806 Sed
986 2733 1145 2806 Ecclesia
1166 2733 1275 2802 vincit
1327 2732 1398 2788 lem
1420 2730 1507 2837 opit>-
1526 2718 1571 2790 D·
1590 2713 1797 2793 Athenon
1817 2720 1862 2797 D.
1879 2717 2048 2794 Iohanni
2065 2717 2328 2826 Reiffenstein.

276 2852 356 2921 aliis
381 2847 499 2918 armis.
555 2837 605 2910 Et
623 2836 741 2908 Deum
763 2851 947 2907 aeternum
966 2835 1107 2906 Patrem
1129 2834 1276 2907 Domini
1326 2814 1561 2889 NOrdhustaeo
1960 2840 1962 2844 “

276 2949 391 3023 nostri
410 2945 487 3016 lesu
500 2937 634 3012 Christi
647 2961 799 3018 oremus,
824 2951 866 3007 ut
878 2951 992 3008 servet
1004 2934 1181 3007 Ecclesiae
1194 2960 1276 3006 suae

277 3030 465 3143 reliquias,
490 3058 524 3115 et
544 3062 619 3112 non
643 3043 737 3111 sinat
758 3038 870 3111 deleri
884 3039 1109 3131 disciplinam
1123 3050 1158 3108 et
1172 3037 1275 3107 utilia

278 3153 394 3224 studia
411 3145 603 3220 doctrinae.
653 3140 787 3219 Iterum
806 3141 894 3209 vale.
1328 3147 1395 3222 No.
1413 3149 1526 3225 3901.
2195 3173 2229 3235 6,
2246 3160 2314 3232 lun,

1333 3245 1505 3276 Μ
1926 3248 1929 3252 ’
2188 3256 2326 3283 w

1069 3343 1274 3356 ’,Δ-μ·-

1585 3344 1743 3431 Blasio
1776 3349 2066 3436 Odesbolmio.

286 3481 498 3615 Q
912 3465 915 3471 ’
1149 3472 1277 3593 Q
1416 3503 1513 3558 nanto
1530 3499 1629 3577 cmg.
1645 3526 1672 3577 p.
1690 3506 1743 3563 aar
1760 3526 1801 3580 ις.

531 3659 672 3749 Mari.
700 3646 1029 3739 Seidenmanno.
1333 3655 1554 3736 Venerando
1588 3658 1755 3750 domino,
1797 3659 1967 3736 Blasio
2002 3659 2329 3761 Odesholmio,

348 3831 368 3897 ,t
387 3826 424 3880 E,
436 3819 595 3934 'apographis
608 3819 636 3872 -m
646 3815 728 3874 enda.
739 3815 871 3871 Godana.
883 3816 936 3869 No.
945 3816 1003 3869 ¹21·
1018 3833 1046 3887 Ρ.
1054 3814 1098 3870 54
1110 3824 1136 3868 e,
1149 3813 1203 3870 No.
1217 3813 1277 3871 399·
1386 3761 1535 3858 pastori
1548 3759 1737 3871 Ecclesiae
1752 3761 1831 3835 Dei
1845 3765 1884 3835 in
1901 3763 2024 3855 Buco,
2048 3769 2167 3839 amico
2183 3794 2269 3852 suo,

380 3890 442 3962 ?·⁶
468 3886 786 3961 ·2‘¹l²“¹¹¹¹¹l'·¹9⁰⁵⁴
1328 3892 1372 3983 S
1390 3909 1434 3986 D.
1470 3912 1676 3983 Veneranda
1692 3915 1756 3987 vir.
1791 3913 1922 4004 Magna
1939 3918 2061 4009 pietas,
2088 3933 2123 3992 et
2137 3931 2233 4007 grata
2247 3914 2326 3989 Deo

1330 4027 1399 4099 est,
1429 4014 1550 4083 iuvare
1570 4017 1663 4084 bona
1687 4017 1848 4105 ingenia,
1875 4042 1964 4109 quae
1981 4021 2095 4089 literis
2110 4018 2328 4109 excoluntur,

1329 4127 1370 4183 ut
1397 4114 1588 4207 aliquando
1614 4119 1769 4188 serviant
1790 4115 1977 4190 Ecclesiae.
2037 4118 2085 4188 Et
2105 4122 2329 4191 commendat

1216 4176 1279 4249 ‘ig'
1329 4213 1462 4285 Paulus
1485 4219 1670 4308 praecipue
1693 4219 1841 4305 singulis
1864 4220 2091 4304 domesticos,
2116 4222 2154 4289 id
2171 4236 2225 4291 est
2240 4222 2328 4300 filios

279 4296 477 4400 Carissimo
499 4307 668 4380 Muttine.
734 4304 857 4401 Laudo
883 4303 988 4373 amici
1010 4296 1164 4384 fflalum,
1199 4331 1278 4376 cum
1330 4330 1365 4385 et
1394 4333 1570 4406 cognatos.
1624 4305 1692 4386 Est
1721 4332 1837 4404 autem
1865 4321 1903 4386 in
1927 4313 2044 4390 Nohn
2066 4314 2329 4405 Buchholzero

278 4435 381 4490 tuum
397 4415 508 4498 ducis,
533 4410 652 4503 inquit
667 4410 729 4477 ille
744 4409 837 4498 apud
852 4405 1028 4477 Plautum.
1065 4404 1117 4476 lta
1135 4420 1171 4475 tu
1189 4430 1279 4499 quo·
1329 4419 1432 4487 valde
1454 4419 1587 4488 bonnm
1610 4417 1814 4506 ingenium,
1841 4436 1875 4492 et
1896 4420 2043 4511 dignum
2060 4424 2155 4515 quod
2170 4423 2330 4493 liberali.

279 4544 348 4614 que
374 4530 409 4587 et
438 4517 500 4582 ille
531 4502 811 4606 συμβουλευτής
842 4507 979 4578 t⁰mifi⁸
1007 4501 1151 4580 submi
1176 4508 1279 4596 digni
1329 4531 1399 4588 tate
1417 4520 1565 4589 alicuius
1579 4521 1720 4609 patroni
1734 4521 1993 4617 iuvaretur,ut
2006 4524 2138 4612 optime
2155 4519 2331 4598 inchoatis

278 4621 386 4688 laude
407 4615 509 4696 θῦῑὶὓ,
541 4616 638 4704 quod
660 4616 703 4681 de
727 4612 832 4681 amici
853 4609 965 4680 '³1⁰¹ss
989 4608 1120 4677 ⁸0¹i⁶lli
1134 4603 1164 4702 Ι)
1186 4610 1277 4680 estis·
1329 4621 1456 4690 studiis
1476 4619 1609 4689 diutius
1626 4623 1776 4690 exerceri
1795 4637 1922 4712 posset.
1941 4667 1946 4718 »3
1972 4620 2020 4695 Et
2035 4646 2151 4693 mores
2166 4638 2252 4695 sunt
2266 4621 2332 4696 lto-

277 4719 359 4794 Huc
390 4714 555 4786 transtuli
571 4708 601 4806 ¹)
628 4714 802 4783 familiam
831 4734 911 4780 rtem⁴
933 4721 974 4778 ul
995 4703 1054 4778 hic
1078 4704 1169 4780 mihi
1190 4710 1278 4780 lale·
1329 4721 1432 4792 nesti.
1482 4716 1614 4788 Extant
1638 4721 1713 4790 eius
1737 4723 1865 4812 scripta
1892 4725 2021 4809 multa,
2048 4749 2138 4816 quae
2159 4728 2339 4815 gravitate⁴

276 4824 360 4892 bras
375 4814 404 4915 ³)
432 4838 657 4909 quaererem,
691 4829 752 4884 aut
777 4815 850 4906 ipae
877 4803 1124 4906 manercmi),
1154 4813 1217 4881 scd
1238 4826 1278 4883 ut
1329 4820 1582 4892 sententiarum
1604 4823 1816 4909 ostendunt,
1848 4824 1886 4892 in
1903 4849 1943 4894 eo
1959 4827 2282 4898 considerationem
2298 4843 2331 4899 et

286 4967 495 4993 m

279 4058 506 4138 Eruditione
531 4068 563 4128 et
587 4057 718 4128 virtute
739 4052 951 4156 praestanti
978 4049 1033 4123 D.
1057 4046 1115 4122 M
1120 4053 1220 4122 arti
1227 4079 1279 4124 no

278 4161 582 4243 Sidamonno,
614 4158 734 4230 omioo
755 4181 824 4228 suo
846 4153 1038 4227 carissimo
1056 4176 1094 4247 )ιι
1111 4154 1213 4230 &toth

314 5049 342 5117 1)
363 5045 433 5099 God.
448 5041 534 5099 Goth.
547 5041 605 5100 121.
621 5040 718 5093 locuti.
1362 5057 1391 5127 5)
1409 5057 1478 5113 cot.
1496 5056 1578 5111 Goth.
1595 5049 1658 5114 899.
1675 5074 1743 5114 non.

222 5190 228 5211 .
312 5135 342 5201 2)
365 5131 435 5185 Cod.
450 5129 533 5184 Goth.
549 5129 608 5182 121·
626 5125 781 5181 tramitem·
1361 5141 1390 5210 6)
1408 5144 1505 5193 omnia
1520 5144 1577 5194 non
1592 5141 1672 5196 habet
1685 5142 1747 5197 cod.
1762 5141 1846 5196 Goth.
1859 5141 1919 5197 899.

307 5217 338 5283 8)
357 5214 426 5272 Cod.
441 5212 525 5268 Goth.
543 5213 599 5266 121.
618 5213 768 5264 latebram.
1359 5228 1390 5293 7)
1409 5211 1505 5296 Eurip.
1520 5221 1631 5282 ’carrea
1651 5247 1674 5282 v.
1688 5227 1740 5282 734
1757 5247 1798 5299 aq.
1815 5256 1849 5273 -
1886 5225 1989 5284 Graeca
2001 5229 2036 5284 rin
2054 5232 2217 5305 apographis
2235 5237 2332 5292 notre

306 5305 337 5371 4)
357 5300 477 5376 uut'rhse
487 5313 638 5350 manerem
651 5291 840 5368 praetermissa
854 5299 917 5344 sunt
934 5289 963 5343 ia
977 5289 1040 5345 cod.
1051 5287 1138 5345 Goth.
1154 5289 1213 5345 899.
1393 5294 1539 5366 depravata
1558 5306 1632 5349 sunt.
