4748 6022
723 276 996 357 anninus
1027 277 1212 359 vtuea
1243 275 1374 393 uun.
1426 277 1554 358 seer.

164 500 222 563 25,
260 481 451 552 Hermoanus
466 487 612 574 Arcbiep.
631 489 741 555 Calon.
756 513 787 554 se
802 494 977 576 episcopatu
993 493 1118 554 abdicat.

161 619 218 680 27,
253 603 326 670 Mel.
343 623 387 669 est
405 609 505 670 adhuc
523 605 686 671 Servestae.

184 837 217 900 8.
252 821 321 889 Rex
335 821 451 887 Daniae
466 831 538 892 200
556 822 754 890 loachinsicos
769 828 850 892 dono
867 833 987 894 miserat
1001 826 1213 912 Bugenlsagio,
1230 819 1360 889 Lutheri
1376 827 1482 889 viduae
1496 837 1526 888 et
1541 820 1742 918 Melanthoni,
1766 848 1821 912 pro
1836 827 1945 913 quibus
1960 824 2032 894 Mel.
2049 835 2155 914 gratias
2196 873 2202 898 ι

302 931 363 1009 agit
380 941 410 990 et
424 928 581 990 historiam
597 931 670 990 belli
684 944 793 994 narrat.

109 1050 215 1108 5-10.
250 1040 307 1103 His
326 1041 388 1103 iere
408 1043 513 1106 diebus
535 1058 580 1106 est
596 1043 823 1130 Wittebergae,
848 1049 903 1109 ubi
922 1048 1039 1130 scripsit
1056 1047 1094 1109 ad
1111 1043 1260 1109 Ioannem
1271 1044 1458 1111 Fridericum
1471 1042 1642 1108 Electcrem
1656 1067 1786 1134 eumque
1799 1047 1976 1130 admonuit,
2000 1065 2035 1115 ut
2048 1072 2154 1134 pacem

301 1145 420 1207 liceret.
471 1143 519 1224 (V
519 1146 562 1207 id.
580 1170 627 1229 ep.
642 1148 673 1209 d.
692 1156 748 1217 18.
764 1150 850 1212 Febr.
869 1149 906 1212 ad
924 1146 1034 1232 Georg.
1052 1147 1198 1230 Anhalt.)
1221 1180 1274 1198 -
1323 1142 1428 1214 Rediit
1442 1147 1620 1213 Serrestam.

156 1268 211 1332 17.
245 1258 381 1323 Vocatur
397 1258 470 1324 illel.
486 1284 504 1324 a
518 1258 674 1326 loachimo
689 1271 826 1350 prinpre
842 1264 969 1330 Anhalt.
984 1268 1018 1328 ln
1033 1268 1182 1350 oppidum
1196 1263 1332 1329 Kbthen.
1382 1264 1517 1330 Pet-laxit
1530 1268 1668 1330 ultimam
1684 1278 1800 1352 partem
1813 1267 1990 1332 dialectices.

153 1388 211 1449 19.
244 1374 372 1442 Senatus
387 1376 647 1464 Norinrbergensis
663 1379 853 1447 Malantlrcni
868 1399 899 1448 et
913 1382 1083 1449 Camerario
1098 1391 1208 1450 iterum
1221 1385 1389 1469 hospitium
1404 1360 1561 1447 obtulerat.
1873 1364 1875 1369 η

201 1541 209 1558 .
241 1493 313 1558 Mel.
331 1501 438 1578 gratias
452 1502 514 1580 agit
528 1496 654 1562 Senatui
667 1500 921 1584 Norimbergensi.

147 1621 206 1683 26.
242 1610 375 1676 Moritur
388 1612 500 1695 Aaou,
525 1621 585 1679 filia
598 1616 693 1697 Mel,
720 1642 799 1684 uxor
813 1617 937 1715 Sabini,
959 1618 1167 1705 Regiomouti.

173 1843 203 1901 1.
238 1828 380 1916 Princeps
397 1830 519 1898 Elector
533 1838 636 1914 iubet,
662 1851 696 1899 ut
711 1831 894 1902 Academiae
909 1837 1045 1904 domoras
1061 1845 1171 1904 iterum
1186 1836 1306 1900 redeant
1321 1833 1545 1920 Wittebergam
1559 1848 1588 1899 et
1603 1833 1738 1899 doceant.

171 1962 203 2022 2.
236 1945 343 2011 Sabini
357 1954 436 2028 iilia,
463 1955 544 2032 apud
559 1951 787 2013 Melanthonem
799 1965 932 2031 versata,
959 1956 1036 2017 teba
1048 1961 1172 2018 laborat.

170 2075 203 2136 8.
235 2062 398 2128 Decretum
413 2066 523 2147 synodi
537 2064 731 2129 Tridentinae
745 2069 782 2131 de
796 2066 1005 2136 sacramentis.

128 2163 132 2170 ¹
237 2181 382 2266 Princeps
399 2180 519 2245 Elector
534 2181 769 2266 copiasAlberti
783 2184 968 2249 Marohionis
983 2189 1021 2250 ad
1035 2187 1183 2269 oppidum
1198 2181 1340 2248 Rochlitz
1356 2186 1389 2245 in
1403 2182 1507 2263 fugam
1522 2181 1655 2243 coniicit.
1707 2174 1851 2244 Albertus
1864 2188 1992 2267 capitur.

167 2305 200 2364 7.
235 2296 404 2360 Absolutus
419 2313 463 2361 ast
472 2302 554 2360 liber
569 2295 666 2362 Menii
679 2312 737 2368 toll
755 2301 805 2368 bet
818 2299 989 2396 dictitatis
995 2349 1006 2384 ,
1031 2325 1122 2389 quem
1136 2299 1264 2364 loannes
1276 2299 1437 2364 Marcellus
1451 2302 1485 2360 in
1501 2300 1635 2380 linguam
1650 2299 1773 2359 latinam
1789 2302 1888 2362 vertit.
1915 2333 1965 2351 —
2003 2300 2139 2368 Scribere

282 2404 437 2463 constituit
451 2402 590 2465 adversus
607 2402 760 2467 decretum
774 2408 901 2467 concilii
911 2402 1084 2468 Tridentini
1098 2407 1134 2467 de
1150 2405 1369 2468 iustificatione.

142 2524 198 2586 18³
230 2515 303 2580 illel.
321 2521 445 2579 nomine
460 2515 641 2581 Academiae
656 2524 820 2602 gratulatur
835 2519 971 2606 Principi
986 2521 1120 2588 Electori
1138 2524 1175 2585 de
1189 2523 1316 2586 victoria
1329 2520 1359 2584 d.
1378 2525 1410 2588 8·
1425 2513 1528 2580 Martii
1544 2525 1703 2595 reportata.

143 2642 197 2706 15.
231 2633 354 2717 Accipit
369 2639 528 2718 epistolem
542 2634 662 2699 Alberti
680 2633 776 2700 Ducis
792 2638 829 2701 de
843 2643 949 2702 morbo
965 2637 1093 2722 Annae,
1113 2646 1191 2704 filiae
1209 2660 1290 2704 suae.

140 2762 196 2823 19.
230 2749 302 2817 Mel.
318 2756 437 2816 scribit:
470 2752 580 2833 „Sunt
595 2757 646 2819 hic
660 2758 808 2845 μαργίται
823 2743 1162 2850 [Braudeuburgenses]
1180 2759 1320 2844 quidam,
1347 2771 1477 2839 quorum
1491 2749 1633 2813 virulemi
1648 2762 1880 2815 mmmmm
1893 2752 2032 2820 &dimus
2049 2758 2133 2822 ΜΡ
2201 2839 2206 2845 ¹

136 2880 195 2940 28.
228 2867 362 2933 Vocatus
376 2886 437 2934 erat
452 2893 469 2932 a
485 2867 642 2935 lcachimo
658 2870 773 2937 March.
789 2871 928 2938 Electore
942 2881 975 2939 in
990 2874 1187 2942 Academiam
1200 2873 1495 2938 Frenccfcrdicnam·
1586 2901 1589 2904 ·

135 2995 193 3058 26.
226 2984 394 3053 Excuditur
409 2989 507 3053 adhuc
523 2978 676 3054 dialectice
691 3012 707 3051 a
722 2988 858 3076 losepho.
869 2991 966 3077 Klug.

226 3103 357 3190 Georgia
370 3107 539 3171 Anhaltino
554 3112 648 3171 mittit
663 3113 901 3174 conciunculam.

130 3228 192 3290 27.
225 3221 348 3305 Accipit
359 3229 504 3287 nuncium
517 3226 554 3287 de
569 3239 666 3288 morte
679 3225 800 3307 Annae,
820 3233 909 3294 filiae.

129 3344 190 3405 81.
225 3340 425 3421 franciscus,
452 3338 567 3404 Galliae
583 3365 655 3420 rex,
679 3350 817 3410 moritur.

156 3564 188 3625 2.
221 3552 349 3620 loannes
364 3555 504 3632 Scaeuae
520 3550 722 3629 commoratur
737 3557 905 3624 Erfcrdiae.

222 3675 408 3738 Camerarius
424 3678 623 3758 proficiscitur
638 3678 670 3736 in
687 3673 892 3739 Franconiam.

156 3795 188 3861 6·
221 3794 308 3857 Uxor
320 3792 523 3857 Melanthonis
540 3796 655 3854 calculo
676 3795 800 3856 laborat.

222 3910 266 3975 lc.
282 3912 428 3995 Agricola
444 3913 626 3972 contumelia
643 3910 754 3972 afflixit
770 3906 937 3993 Georgium
950 3904 1173 3986 Anhaltiuum,
1199 3905 1326 3988 epistola
1340 3903 1461 3987 publice
1476 3900 1565 3965 edita.

153 4034 184 4096 6·
219 4030 293 4095 Mel.
309 4043 395 4111 rogat
410 4026 576 4107 Sabinum,
605 4042 639 4090 ut
652 4032 738 4092 liberi
752 4028 861 4094 Annae
881 4049 985 4090 omnes
1008 4026 1116 4107 (liliam
1130 4029 1189 4087 iam
1206 4044 1308 4087 secum
1322 4022 1465 4122 habebat)
1490 4021 1549 4088 sibi
1563 4018 1706 4080 mittatur.

220 4147 410 4212 Conveniunt
424 4145 520 4228 Egrae
537 4143 662 4225 Caesar,
686 4145 712 4208 F
713 4147 891 4209 ordinandus
905 4143 993 4224 Rex,
1018 4157 1048 4208 at
1062 4143 1222 4209 Mauritius
1238 4138 1321 4205 Dux.

151 4267 184 4329 8·
219 4264 290 4329 Mel.
303 4269 397 4328 mittit
410 4269 507 4348 capita
521 4267 780 4345 consolationum,
805 4278 840 4330 ut
853 4265 989 4328 edantur.
1040 4330 1042 4335 ,

124 4387 182 4450 10.
217 4383 313 4448 Mittit
328 4382 480 4447 l‘salmum
496 4405 556 4445 ase
571 4384 694 4446 editum.

175 4542 183 4558 ·
216 4500 362 4565 ludicitur
379 4507 485 4565 electio
503 4500 641 4564 Rectoris
658 4500 853 4568 Academiae.

124 4625 182 4688 22.
215 4622 348 4688 Caesaris
365 4594 511 4683 exercitus
529 4633 573 4682 est
588 4639 684 4700 prope
698 4617 856 4700 Misenum.

123 4737 183 4804 24·
216 4739 347 4804 Caesaris
363 4743 510 4800 exercitus
524 4737 631 4799 Albim
647 4752 777 4821 superat.
828 4735 951 4800 loannis
963 4730 1123 4796 Friederici
1136 4727 1231 4795 Elect.
1247 4730 1351 4816 copiae
1367 4731 1400 4791 in
1413 4727 1518 4810 fugam
1533 4720 1745 4800 coniiciuntur,
1762 4730 1792 4783 et
1806 4719 1872 4804 ipse
1888 4721 2015 4803 capitur.

122 4859 180 4923 26.
216 4858 324 4922 Versio
339 4861 432 4925 latina
447 4858 517 4918 libri
531 4853 685 4936 Meuiani,
711 4854 886 4920 alllarcello
901 4854 998 4932 iacta,
1023 4851 1102 4913 edita
1117 4862 1171 4914 est.

122 4979 181 5040 26.
218 4978 341 5061 Accipit
356 4974 528 5051 Servestae,
554 4976 606 5034 ubi
621 4988 823 5036 commoratur
836 4976 1001 5050 nuncium,
1021 4965 1071 5035 l’r.
1087 4964 1259 5033 Electoretn
1272 4982 1394 5053 captum
1409 4987 1490 5043 esse,
1515 4977 1546 5025 et
1560 4959 1665 5042 fugam
1679 4972 1775 5042 perat.

156 5135 163 5150 ·
215 5095 327 5160 Scribit
341 5097 487 5159 uxoribus
504 5090 762 5155 concionatorum
771 5089 1063 5173 Wittebergensium
1075 5091 1329 5172 supplicationem
1343 5108 1399 5170 pro
1416 5086 1531 5148 maritis
1546 5081 1584 5145 ad
1599 5077 1765 5144 Gaesarem.

147 5329 177 5385 1.
213 5313 389 5378 Melanthea
408 5311 651 5375 cumlamiliain
666 5310 750 5390 fuga.
1249 5392 1253 5397 ι

145 5445 176 5505 3.
214 5433 308 5497 Venit
324 5431 543 5511 Brunswigam.
594 5426 697 5491 Simul
714 5447 833 5523 cumveo
849 5424 980 5490 Lutheri
994 5426 1085 5490 sidua
1102 5439 1131 5490 et
1147 5423 1294 5512 Georgius
1310 5423 1410 5489 Maior
1424 5429 1548 5509 eiusque
1561 5418 1687 5480 familia·

1341 5519 1399 5592 b*
