4748 6022
46 296 126 379 aar
394 354 397 361 s
647 287 1086 367 nntsrotanunt
1141 287 1321 368 aran
1372 289 1507 369 sate.
2023 297 2101 374 ass
2153 381 2156 387 ,
2217 397 2222 403 ¹
2294 322 2309 344 f

20 466 146 549 ,mari
166 464 308 558 poterit.
358 461 499 556 Ubique
521 462 628 535 obvia
650 475 733 533 sunt
758 461 932 555 exempla,
958 483 1048 555 quae
1206 457 1292 530 Tibi
1309 474 1437 544 autem,
1459 460 1636 531 carissime
1650 461 1713 548 tili,
1724 487 1773 535 co
1790 461 1995 538 dedicohoc
2010 471 2099 541 scri-

55 571 265 650 ostendant,
298 589 404 658 quam
438 565 508 635 late
536 574 652 657 pateat
673 585 757 632 usus
779 564 865 634 artis
888 574 920 633 et
943 586 1047 656 quam
1102 573 1222 651 ptum,
1252 575 1294 630 ut
1318 556 1387 632 hoc
1409 563 1651 654 qualecunque
1677 582 1948 637 monumentum
1975 571 2097 640 amici-

55 667 252 740 necessaria
274 665 330 736 sit.
388 664 458 737 Sed
482 688 578 735 nunc
601 664 756 733 breviter
778 667 822 735 de
843 689 882 734 re
903 666 1049 735 lectores
1102 663 1191 746 tiae,
1216 657 1412 754 quaemihi
1428 677 1575 734 estcum
1591 665 1669 733 viro
1684 667 1817 755 optimo
1832 683 1866 738 et
1881 670 2095 755 doctissimo,

55 770 276 852 admonebo,
306 765 486 861 videlicet,
522 768 566 834 de
590 765 814 836 invocatione
837 763 924 846 Dei,
960 787 1050 859 quae
1102 777 1163 832 tuo
1185 777 1301 853 patre,
1327 777 1360 834 et
1375 764 1664 853 significationem
1680 790 1779 836 meae
1795 791 1874 857 erga
1890 784 1923 839 te
1939 771 2094 841 benevo-

55 885 97 943 ut
119 882 211 940 recte
237 869 314 950 liat,
349 891 421 937 non
444 867 560 934 solum
587 865 737 950 literati,
768 868 828 935 sed
853 867 958 935 etiam
977 864 1050 946 alii,
1102 863 1230 952 tentiae
1253 861 1392 934 habeas.
1457 863 1578 935 Disces
1600 880 1717 936 autem
1739 867 1953 940 Dialecticen
1974 874 2032 941 vel
2055 898 2094 943 ex

55 974 242 1042 literarum
264 969 387 1051 rudes,
412 992 431 1035 a
453 963 644 1038 Dialectica
665 966 813 1036 iuvandi
834 982 928 1042 sunt.
979 965 1050 1035 Po·
1102 959 1169 1033 hoc
1203 965 1345 1050 libello,
1381 967 1437 1034 vel
1469 990 1509 1035 ex
1534 968 1629 1051 aliis,
1668 970 1711 1037 de
1737 969 1870 1040 indicio
1895 973 1949 1041 tui
1972 975 2095 1063 patris,

57 1074 184 1166 pulum
205 1070 299 1140 enim
322 1067 496 1137 doctiores
517 1070 707 1137 admonere
728 1070 876 1153 debent,
903 1069 947 1138 de
969 1067 1050 1161 qui·
1102 1067 1269 1157 quodest
1292 1067 1547 1156 gravissimum.
1600 1068 1662 1138 Me
1686 1084 1801 1140 tamen
1830 1067 2093 1145 adhortatorem

10 1234 16 1255 ,
55 1176 126 1245 bus
147 1174 252 1243 rebus
275 1170 313 1237 in
330 1168 554 1239 invocatione
570 1168 795 1259 cogitandum
810 1170 876 1255 sit,
903 1169 989 1263 quid
1005 1167 1051 1237 sit
1102 1166 1168 1235 tibi
1183 1180 1217 1236 et
1231 1168 1444 1237 dulcissimis
1461 1170 1628 1239 tratribus
1643 1170 1731 1254 tuis,
1757 1185 1791 1240 ει
1809 1172 1886 1241 aliis
1902 1172 2094 1261 ingeniosis

10 1260 15 1281 τ
55 1273 173 1354 Deus,
196 1295 301 1366 quem
314 1266 431 1341 Deum
455 1269 697 1362 alloquamur,
723 1273 902 1364 quomodo
918 1270 1050 1340 discer-
1101 1267 1381 1339 adolescentibus
1409 1293 1482 1338 esse
1503 1270 1545 1338 ad
1571 1272 1726 1340 studium
1752 1295 1826 1341 non
1849 1274 1964 1343 solum
1988 1269 2095 1348 huius

56 1376 197 1445 nendus
222 1373 267 1442 sit
290 1395 309 1439 a
332 1371 583 1441 commentitiis
604 1371 823 1444 numinibus.
875 1367 1049 1440 Accendi-
1101 1369 1203 1453 artis,
1239 1372 1300 1438 sed
1334 1371 1438 1439 ctiam
1473 1371 1623 1440 aliarum
1656 1369 1907 1463 Philosophiae
1937 1376 2093 1466 partium

58 1491 118 1548 tur
140 1487 174 1546 et
193 1474 233 1543 in
249 1471 347 1543 omni
362 1471 451 1541 seria
466 1469 689 1542 invocatione
703 1471 846 1548 difficile
861 1486 1050 1554 certamen,
1101 1470 1200 1542 scias.
1250 1466 1306 1539 Eo
1326 1472 1430 1540 ctiam
1453 1472 1623 1542 libentius
1643 1474 1709 1543 tibi
1733 1475 1916 1567 inscripsi,
1945 1500 2019 1546 non
2036 1502 2094 1548 so-

58 1601 140 1648 cum
163 1575 402 1666 disputamus,
433 1595 478 1642 an
500 1586 534 1643 et
556 1596 619 1641 cur
640 1587 733 1644 certo
755 1574 984 1666 recipiamur,
1016 1585 1051 1641 et
1102 1571 1176 1638 lum
1199 1585 1238 1641 ut
1258 1570 1325 1642 tibi
1348 1585 1382 1642 et
1402 1572 1571 1642 fratribus
1589 1575 1660 1643 tuis
1676 1576 1907 1665 praecipiam,
1931 1592 1988 1663 ut,
2014 1603 2094 1648 cum

58 1675 173 1748 nostri
189 1673 337 1766 gemitus
350 1696 389 1742 ac
405 1687 486 1743 vota
502 1674 745 1749 exandiantur.
797 1672 1050 1746 Accusantnos
1102 1673 1292 1742 domestica
1316 1674 1472 1765 exempla
1490 1677 1649 1744 omnium
1667 1676 1838 1746 virtutum
1855 1673 2092 1768 pulcherrima

59 1778 187 1849 delicta
208 1773 328 1845 nostra
348 1788 383 1843 et
402 1776 559 1864 trepidae
582 1787 894 1869 consumataeque
915 1789 1050 1845 mentes
1103 1766 1279 1857 habeatis,
1305 1774 1382 1857 avi,
1407 1775 1524 1865 patrui
1550 1789 1583 1846 et
1608 1778 1715 1866 patris
1738 1779 1963 1869 sapientiam,
1988 1780 2095 1851 insti-

57 1876 175 1952 Deum
198 1875 350 1965 fugiunt.
410 1872 452 1943 ln
474 1869 540 1945 hac
566 1875 788 1946 dubitatione
812 1890 847 1945 et
869 1877 952 1965 tuga
975 1900 1049 1944 non
1103 1872 1208 1953 tiam,
1234 1876 1460 1963 gravitatem,
1484 1877 1600 1959 fidem,
1626 1878 1712 1946 etin
1729 1878 1826 1947 omni
1841 1881 1956 1950 officio
1970 1884 2093 1951 mode-

57 1977 313 2072 relinquendae
331 1986 424 2051 sunt.
474 1973 594 2065 Quare
611 1977 824 2049 accusationi
837 1978 1048 2068 opponenda
1103 1975 1294 2060 rationem,
1318 1977 1429 2067 patris
1450 1978 1928 2065 veroetiarneruditionem,
1952 1980 1991 2049 in
2008 1978 2092 2052 haec

59 2095 111 2152 est
134 2104 202 2150 vox
214 2074 420 2168 Evangelii,
450 2100 538 2171 quae
556 2077 707 2149 affirmat
729 2103 811 2163 nos,
837 2102 1050 2171 quamquam
1103 2076 1293 2146 domestica
1307 2080 1433 2147 decora
1448 2079 1586 2147 assidue
1600 2079 1829 2164 intueamini,
1849 2105 1981 2174 vosque
1998 2082 2094 2175 ipso-

58 2180 336 2263 contaminatos‚
366 2178 476 2269 recipi
505 2192 622 2248 tamen
651 2192 744 2249 certo
772 2193 916 2271 propter
938 2180 1050 2249 filium
1103 2201 1183 2246 rum
1199 2178 1409 2267 cogitatione
1421 2180 1466 2248 ad
1480 2179 1646 2248 virtutem
1660 2180 1829 2251 excitetis:
1857 2183 2038 2253 sedetiam
2054 2199 2095 2255 ut

59 2283 146 2366 Dei,
160 2272 288 2370 gratis.
322 2276 435 2359 ¹Haec
456 2292 506 2348 est
528 2279 664 2350 erudita
687 2281 897 2370 disputatio,
921 2282 965 2349 de
982 2302 1051 2372 qua
1103 2277 1171 2346 alia
1186 2279 1279 2348 bona
1293 2279 1434 2368 ingenia
1449 2275 1627 2362 adhorter,
1649 2294 1688 2350 ιιι
1703 2284 1812 2372 patris
1825 2285 1940 2353 studia
1954 2298 1989 2353 et
2001 2286 2095 2376 opti-

60 2405 199 2452 necesse
233 2393 285 2450 est
320 2380 450 2471 pariter
481 2381 602 2450 doctos
634 2395 668 2450 et
701 2381 862 2451 indoctos
888 2381 1051 2469 cogitare.
1103 2401 1179 2447 mos
1194 2403 1309 2448 mores
1324 2380 1519 2453 imitentur.
1546 2375 1624 2450 Oro
1639 2396 1754 2450 autem
1772 2381 1888 2454 Deutn
1905 2397 2097 2470 aeternum,

61 2483 168 2573 Quod
185 2482 313 2564 uttiat,
338 2481 441 2570 etiam
458 2480 610 2572 populns
625 2477 814 2551 Dialectice
837 2483 1053 2552 erudiendus
1105 2493 1240 2568 patrem
1267 2481 1415 2551 Domini
1441 2481 1553 2551 nostri
1580 2479 1658 2550 Iesu
1684 2478 1837 2567 Christi,
1875 2486 2095 2556 conditorem

61 2599 130 2668 est,
153 2607 202 2652 ne
227 2581 264 2650 in
289 2577 354 2650 hac
369 2581 607 2672 disputatione
626 2608 645 2651 a
663 2580 739 2653 Deo
755 2584 904 2657 aberret.
955 2580 1053 2652 Haec
1104 2574 1252 2648 hnmani
1278 2583 1415 2670 generis
1431 2596 1465 2651 ct
1480 2580 1657 2652 Ecclesiae
1670 2605 1773 2668 suae,
1797 2600 1831 2656 et
1846 2586 1979 2655 fontem
1993 2611 2097 2657 verae

63 2688 106 2756 de
121 2684 271 2754 utilitate
286 2680 497 2753 Dialecticae
512 2697 547 2753 et
561 2705 662 2776 saepe
680 2686 765 2754 alias
778 2684 852 2753 dixi
870 2697 903 2754 et
917 2681 1053 2776 scripsi,
1105 2682 1296 2772 sapientiae
1311 2697 1345 2753 et
1359 2684 1550 2767 doctrinae,
1576 2698 1616 2754 ut
1633 2685 1699 2753 sibi
1718 2685 1812 2756 inter
1823 2710 1888 2755 nos
1902 2683 2096 2758 Ecclesiam

62 2801 96 2856 et
121 2781 179 2854 hic
203 2794 475 2853 commemorare
499 2784 618 2868 volui,
656 2801 696 2857 ut
718 2785 959 2856 testimonium
982 2782 1054 2852 mei
1105 2796 1282 2852 aeternam
1318 2807 1456 2874 semper
1481 2783 1642 2870 colligat,
1682 2800 1717 2854 et
1740 2788 1907 2857 accendat
1931 2790 2097 2860 salutaria

62 2887 185 2957 iudicii
211 2898 320 2969 extet,
345 2909 401 2953 me
423 2879 640 2955 hortatorem
665 2909 739 2956 esse
765 2887 869 2957 bonis
891 2885 1055 2974 ingeniis,
1095 2883 1286 2952 'doctrinae
1304 2884 1438 2969 studia,
1465 2909 1545 2953 cum
1562 2881 1718 2953 Ecclesia
1733 2910 1850 2956 carere
1866 2888 1978 2957 literis
1996 2891 2097 2958 nullo

61 3002 102 3058 ut
132 3000 165 3057 et
186 2983 402 3056 Dialecticen
433 3001 467 3056 et
496 3001 646 3056 caeteras
676 3011 778 3057 verae
801 2979 1054 3077 Philosophiae
1105 2985 1212 3054 modo
1238 2986 1357 3075 possit.
1409 2984 1532 3056 Servet
1553 2985 1659 3054 etiam
1681 2984 1876 3056 incolumes
1892 2983 2097 3059 honestissi-

61 3101 178 3182 partes
198 3099 318 3156 ament
341 3099 375 3154 et
395 3086 550 3168 discant,
577 3089 637 3155 sed
661 3089 855 3177 adiungant
869 3088 974 3156 eti'am
989 3088 1055 3155 do·
1106 3108 1183 3152 mos
1204 3100 1365 3175 parentes
1387 3099 1483 3168 tuos,
1508 3098 1543 3156 ct
1557 3099 1608 3169 te,
1635 3099 1669 3156 et
1684 3087 1907 3156 dulcissimos
1923 3091 2048 3160 fratres
2065 3104 2100 3162 et

62 3189 213 3259 ctrinam
230 3187 274 3254 de
287 3183 376 3263 Deo,
402 3189 566 3255 traditam
584 3187 620 3254 in
640 3190 877 3259 monumentis
893 3182 1054 3278 Prophe·
1107 3208 1244 3255 sorores
1262 3199 1349 3260 tuas.
1394 3186 1664 3274 Witenbergae‚
1691 3186 1766 3262 Cal.
1784 3187 1963 3280 Septemb.
1990 3187 2098 3260 Anno

63 3290 142 3359 ticis
164 3301 198 3356 et
220 3283 445 3375 Apostolicis.
504 3284 644 3356 Addam
668 3283 726 3356 hic
749 3290 872 3373 etiam,
901 3311 1055 3380 quorum
1110 3285 1219 3361 1547.

61 3390 148 3460 libri
171 3384 351 3456 Dialectici
382 3383 469 3456 mihi
499 3389 686 3479 praecipue
712 3378 917 3480 probentur.
976 3385 1056 3457 Etsi

62 3490 167 3561 multi
184 3483 427 3557 Aristotelicas
452 3489 563 3585 libros
586 3489 802 3581 vituperant,
828 3504 863 3559 et
886 3505 1055 3584 tanquam
1419 3550 1423 3558 .

62 3592 200 3665 tabulas
221 3589 396 3680 dispersas
418 3591 547 3659 tractae
561 3590 662 3660 navis
678 3614 750 3659 esse
763 3590 901 3661 dicunt:
927 3605 1056 3674 tamen,
1119 3573 1184 3644 ΝΟ·
1201 3573 1313 3649 3993·
1949 3591 1979 3651 t·
1996 3580 2081 3664 sept.

64 3690 202 3784 siquid
219 3713 281 3780 ego
298 3691 453 3760 iudicare
471 3686 631 3782 possum,
656 3693 793 3762 affirmo
811 3717 870 3761 eos
886 3691 1056 3765 Dialecti-
1114 3669 1325 3708 Μ
1547 3686 1549 3689 ’
1777 3748 1784 3763 .
1921 3673 2093 3701 ⁹⁴⁹
2175 3706 2180 3721 ‘

66 3815 130 3863 cen
153 3805 245 3861 recte
267 3793 424 3873 tradere,
448 3805 482 3861 et
504 3793 548 3890 ah
573 3793 634 3876 iis,
660 3794 721 3886 qui
740 3794 878 3863 liberali
894 3793 1055 3862 doctrina
1388 3741 1536 3876 Ioacll·
1563 3739 1821 3828 cameram·

65 3893 193 3964 exculti
217 3906 317 3975 sunt,
339 3893 488 3983 intelligi
503 3918 613 3984 posse.
665 3895 838 3986 Apparet,
864 3894 974 3964 libros
991 3894 1057 3962 ali·
1177 3903 1262 3976 Epist.
1273 3904 1306 3957 sd
1323 3905 1460 3959 camerac.
1480 3923 1505 3974 p.
1520 3904 1621 3973 5792q.
1642 3903 1694 3971 (ει.
1709 3903 1798 3959 tono.
1817 3903 1864 3957 tib.
1878 3903 1924 3956 tv,
1943 3922 1986 3974 ep.
1999 3904 2086 3972 ιιι).

13 4003 18 4017 ’
64 3995 149 4064 cubi
177 3992 450 4063 describentium
485 3994 622 4063 inscitia
653 3997 859 4084 depravatos
894 4018 984 4077 esse,
1018 3999 1057 4064 ut

65 4095 187 4165 nultus
209 4094 317 4160 codex
340 4094 488 4163 estsine
511 4093 665 4176 mendis;
696 4096 757 4161 sed
779 4103 896 4162 talnen
921 4117 1056 4164 stimma

65 4195 184 4286 operis
207 4192 338 4280 integra
362 4205 423 4261 est.
472 4190 548 4263 Etsi
570 4205 686 4265 autem
699 4193 801 4261 valde
817 4189 987 4263 adhortor
1000 4195 1058 4262 in·
1572 4260 1579 4276 ,
1627 4259 1633 4275 ,

65 4296 240 4387 geniosos,
265 4305 305 4361 ιιι
319 4292 434 4382 ipsum
449 4295 689 4379 Aristotelem,
711 4290 903 4387 etquidem
923 4290 1058 4364 Graece
1499 4284 1708 4341 ⁶⁰'¹⁸⁸¹m⁰’

67 4400 292 4489 loquentem,
325 4393 477 4464 discant:
509 4409 648 4480 tamen,
682 4409 721 4466 ut
745 4395 882 4465 facilius
905 4394 1058 4482 intelligi
1111 4381 1156 4469 S.
1182 4395 1230 4466 D.
1255 4390 1430 4483 ,Gratiam
1447 4392 1512 4463 tibi
1526 4388 1638 4462 habeo
1653 4417 1717 4483 pro
1733 4392 1888 4482 epistolis
1905 4406 1939 4462 et
1957 4393 2102 4476 crebris,

68 4499 197 4591 possit,
233 4496 320 4564 utile
351 4496 469 4564 estad
496 4496 570 4565 eius
592 4497 778 4566 lectionem
800 4498 969 4566 elementa
996 4497 1059 4564 ad·
1111 4511 1145 4566 et
1180 4494 1464 4587 eloquentissime
1499 4489 1807 4586 amantissimeque
1838 4494 1994 4584 scriptis,
2037 4518 2102 4583 pro

65 4600 170 4671 terre.
222 4593 318 4666 Haec
336 4609 428 4666 recte
442 4597 528 4665 disci
547 4621 647 4686 posse
664 4599 718 4665 vel
734 4623 774 4667 ex
790 4593 950 4667 Ioannis
965 4576 1060 4666 Cite-
1112 4598 1243 4692 quibus
1273 4597 1336 4667 etsi
1368 4597 1518 4665 incultas
1546 4597 1704 4680 remitto,
1737 4608 1854 4665 tamen
1885 4594 2006 4686 plenas
2030 4617 2103 4665 esse

68 4698 168 4771 sarii
189 4699 329 4781 libello,
354 4698 463 4767 velex
482 4693 613 4767 Iodoei
635 4693 1060 4770 WllicltiiErotematis
1112 4699 1241 4769 amoris
1267 4721 1347 4787 erga
1369 4712 1403 4767 te
1427 4698 1526 4769 scias.
1587 4694 1703 4766 Etiam
1728 4697 1846 4789 siquid
1867 4690 1958 4763 mihi
1981 4695 2105 4767 fuisset

68 4803 199 4874 iudico.
249 4795 327 4889 Ego
345 4825 486 4895 quoque
503 4802 540 4869 in
555 4795 619 4871 hac
635 4800 790 4869 editione
807 4801 1062 4893 propemodum
1114 4801 1265 4890 ingenii,
1298 4800 1466 4869 varietate
1493 4818 1615 4867 conam
1648 4798 1891 4886 negociorum,
1926 4820 2016 4889 quae
2046 4820 2102 4865 me

67 4904 241 4992 integram
263 4913 374 4969 artem
394 4902 595 4993 complexus
610 4925 707 4984 sum,
732 4916 766 4971 et
783 4896 874 4970 hanc
888 4902 1062 4972 rationem
1116 4902 1235 4971 multis
1251 4900 1354 4970 annis
1370 4913 1610 4981 exercuerunt,
1637 4912 1670 4967 et
1687 4898 1865 4967 maesticia
1881 4909 2103 4967 consumtum
2209 4977 2215 4987 ¹

68 5005 261 5073 tradendae
284 5002 513 5072 artis-utilem
533 5005 608 5072 fore
631 5002 758 5072 studiis
780 5003 973 5073 iuventutis
989 5001 1063 5071 eri·
1116 5017 1214 5074 esset.
1272 4999 1412 5072 Deinde
1442 5012 1539 5070 tanta
1570 5013 1621 5069 est
1648 5000 1854 5088 magnitudo
1882 5010 1915 5069 et
1942 4996 2104 5069 contusio

69 5105 185 5176 stimo.
248 5098 296 5172 Et
324 5097 562 5202 τεχνολογικά
592 5105 763 5196 quaedam
792 5103 943 5187 inserui,
974 5126 1063 5196 quae
1117 5128 1253 5186 rernm,
1280 5126 1370 5195 quae
1388 5115 1668 5190 nuncaguntnr,
1695 5115 1734 5170 ιιι
1751 5102 1807 5170 vix
1823 5099 2107 5189 longisvolumia,

68 5207 183 5275 fontes
209 5216 472 5295 praeceptorum
494 5209 696 5277 ostendunt
749 5201 818 5275 Sed
837 5219 950 5274 tamen
968 5202 1064 5274 iudi·
1118 5206 1224 5275 nibus
1242 5205 1352 5293 capita
1372 5226 1550 5272 recensere
1566 5202 1750 5293 possimus.

70 5308 165 5376 cium
191 5307 234 5374 de
254 5302 375 5375 libello
391 5304 468 5397 ipso
483 5307 574 5413 etde
589 5319 664 5378 toto
678 5306 826 5377 consilio
843 5301 949 5376 huius
963 5308 1065 5376 lucu·
1220 5297 1376 5398 Lycaon
1398 5304 1438 5372 in
1456 5298 1521 5375 hac
1536 5304 1665 5373 vicinia
1682 5327 1814 5371 novum
1831 5300 1964 5382 bellurn
1983 5324 2108 5371 accen-

68 5406 314 5478 bratiunculae
329 5407 441 5479 doctis
457 5421 490 5477 et
504 5407 653 5479 candide
667 5407 875 5481 iudicaturis
889 5407 1065 5500 permitte.
1116 5408 1183 5479 ‘dit
1232 5403 1341 5502 ὕβρις
1344 5401 1418 5577 ἰαὶ
1432 5409 1624 5504 μαγνῇτας
1637 5398 1799 5476 ἀπιίλεσε
1816 5394 1879 5474 καὶ
1894 5405 2106 5500 κολοφῶνα,

124 5512 302 5577 Μειιιιτιι.
320 5510 424 5578 Ona.
452 5512 535 5580 Ver..
550 5511 610 5582 Vl.
1371 5507 1396 5578 2

1110 4049 1335 4132 Clarissimo
1362 4057 1439 4128 viro
1465 4052 1665 4127 eruditione
1689 4068 1719 4127 et
1747 4057 1876 4129 virtute
1894 4058 2104 4155 praestanti

1111 4155 1354 4232 [oachimo
1378 4149 1497 4232 Com.
1518 4153 1679 4228 Bamh.
1702 4160 1821 4231 amico
1842 4185 1909 4230 suo
1931 4169 1962 4229 et
1976 4159 2104 4257 fratri
