4748 6022
171 331 246 409 635
752 314 1192 397 urlsrouauuM
1247 302 1415 392 Ltus.
1466 308 1601 390 tata.
1652 369 1657 373 .
1756 385 1763 394 ,
2012 323 2014 326 ’
2135 302 2215 385 586

175 450 309 603 poenas
324 518 444 599 nostra
459 497 582 593 culpa,
603 496 719 569 multo
734 507 815 566 ante
828 507 864 565 et
879 492 972 572 vidi,
999 502 1034 562 et
1049 472 1161 561 dolui.
1213 477 1455 556 Michaeli
1495 472 1850 580 Meienburgio,
1909 478 2055 552 consuli
2088 469 2214 552 Nort-

178 604 291 701 Saepe
307 605 447 698 optavi,
459 592 514 674 'tlt
528 616 560 672 et
576 596 738 670 doctores
753 609 788 668 et
800 595 979 688 principes
990 588 1167 663 Ecclesiae
1484 623 1492 637 .
1637 577 1796 659 busane.

178 708 293 783 etsibi
309 706 435 776 melius
450 699 824 792 consulerentzidque
839 692 954 766 adhuc
969 704 1065 785 opto.
1089 689 1168 763 Etsi
1214 716 1257 805 s·
1283 732 1329 808 D·
1379 728 1635 803 Honestissime
1670 733 1744 819 vir,
1785 745 1821 803 et
1852 732 1963 801 amice
1995 728 2213 812 charissime·

179 824 297 882 autem
320 804 477 877 nuncin
503 807 574 873 tam
599 800 800 871 calamitoso
818 809 947 889 eventu
964 816 1103 864 necesse
1119 805 1169 863 est
1215 834 1306 906 Cum
1338 849 1417 924 post
1448 836 1682 905 [risqissimam
1715 835 1851 904 cladem
1884 836 2039 902 secunda
2071 836 2212 907 obsidio

178 900 800 1021 ,¹⁰⁰mulwm⁸i⁰¹⁰d⁰¹⁰oe³dfi⁶it³
827 911 944 1014 mie?
959 896 1170 965 menum
1216 936 1451 1023 Witebergae
1469 930 1737 1005 formidaretur:
1776 929 1895 1005 subito
1910 936 2010 1005 venit
2026 938 2071 1004 ad
2088 961 2156 1006 nos
2173 939 2213 1008 in

180 1010 433 1086 ⁸0121501¹lb⁰⁸2
461 1026 548 1122 (19515
563 1001 658 1120 ΒΨ
674 1002 779 1070 ¹¹⁰b¹³
799 1000 1169 1117 “fffflfht’fsscunque
1216 1038 1341 1106 urbem
1365 1030 1669 1128 Mugdeburgam
1694 1038 1801 1105 vidua
1826 1028 2005 1119 Lutberi‚
2052 1062 2144 1129 quae
2176 1064 2213 1109 se

179 1126 348 1182 suslfflffl·
399 1105 455 1178 ΕΟ
473 1119 575 1174 ‘⁰³¹¹'
596 1126 714 1171 ¹¹¹¹⁰⁰¹
731 1114 781 1170 ‘⁵¹
795 1125 905 1169 ³¹¹¹m¹
921 1122 990 1166 ‘¹¹⁸¹
1014 1111 1170 1167 mmm*
1205 1133 1488 1229 ‘Brunswigam
1502 1132 1684 1206 transvehi
1692 1139 1825 1208 orabat.
1856 1135 1912 1206 Eo
1931 1142 2155 1228 properabat,
2169 1156 2214 1212 nt

178 1214 276 1283 natio
296 1225 328 1280 et
346 1207 530 1289 conlusio,
563 1205 660 1295 quod
685 1198 773 1270 mihi
796 1200 957 1270 conscius
981 1221 1078 1282 sum,
1112 1220 1169 1265 me

142 1380 145 1385 .
177 1314 218 1384 in
235 1310 291 1382 his
307 1309 458 1403 publicis
473 1302 659 1374 discordiis
675 1298 767 1372 nihil
784 1300 1012 1396 quaesivisse,
1045 1299 1116 1366 nisr
1129 1309 1171 1367 ut

136 1476 140 1482 .
177 1427 272 1485 recte
287 1413 456 1502 explicata
476 1421 608 1476 extaret
623 1407 794 1475 doctrina.

281 1509 524 1582 Illustrissimo
541 1502 699 1594 Principi
711 1502 868 1575 Electori
879 1493 1102 1572 Marchiuui
1114 1520 1171 1565 re-

179 1619 341 1688 uerenter
356 1612 443 1679 meis
454 1608 570 1678 verbis
586 1609 713 1695 gratias
732 1607 839 1695 agite,
864 1605 960 1696 quod
976 1597 1171 1691 hospitium

179 1711 271 1785 mibi
287 1716 478 1782 clementer
491 1711 612 1789 offert,
648 1726 717 1799 quo
732 1730 880 1774 usurum
898 1728 953 1772 me
969 1726 1042 1771 esse
1057 1723 1171 1789 spero,

178 1830 365 1908 postquam
382 1805 544 1880 Lutlteri
559 1810 702 1876 viduam
718 1820 750 1875 et
767 1809 898 1875 liberos
914 1803 1044 1874 alicubi
1060 1802 1171 1870 collo-

179 1941 316 1987 cavero.
343 1913 408 1984 llla
424 1937 479 1980 me
497 1925 612 1979 secuta
632 1923 682 1977 est
691 1903 959 1998 Bruuseigam‚
976 1931 1014 1974 ac
1030 1899 1171 1993 lachry-

179 2042 280 2087 mans
304 2016 405 2107 petiit
426 2013 496 2082 sibi
519 2012 644 2080 nidum
661 2010 814 2100 aliquem
837 2007 969 2100 quaeri.
1019 2000 1171 2075 Moveor

179 2120 327 2211 pietate,
354 2131 386 2186 et
403 2117 530 2184 debere
546 2135 612 2180 nos
626 2110 880 2198 gratitudinem
892 2100 1060 2175 Luthero
1075 2104 1171 2173 iudi-

179 2242 237 2289 ro:
272 2242 380 2314 quare
405 2240 480 2285 eam
503 2211 593 2302 Regi
619 2207 772 2278 Dariico
794 2208 1033 2279 commendari
1054 2229 1170 2305 cupro.

180 2318 278 2390 Bene
294 2319 421 2388 valete:
448 2316 619 2386 diesexto
640 2311 749 2396 Maii,
773 2308 1002 2398 Brunsvigae.

1039 2665 1071 2726 9.
1084 2656 1168 2721 Mat

1040 2749 1170 2777 Μ.

192 2660 260 2736 No.
276 2661 389 2736 5869.

186 2757 400 2797 m

1105 1298 1113 1315 .
1217 1241 1301 1308 inde
1333 1240 1376 1306 ad
1399 1236 1532 1328 Regem
1553 1228 1746 1306 Dorticum
1771 1238 1847 1306 iret.
1901 1237 2076 1307 Venimus
2103 1242 2213 1331 igitur

1217 1339 1480 1429 Brunswigam.
1511 1339 1582 1411 sed
1594 1340 1668 1407 viae
1684 1337 1931 1429 perDucatum
1944 1333 2213 1434 Luneburgerr-

1216 1464 1289 1510 sem
1306 1441 1432 1531 plenae
1447 1455 1531 1509 sunt
1546 1440 1711 1509 militum.
1764 1438 2093 1531 ldeoBrunswigae
2112 1469 2211 1514 nrrnc

1216 1556 1335 1611 manet
1353 1542 1486 1609 familia
1501 1535 1670 1612 Lutlteri.
1723 1539 1867 1609 Mecum
1889 1554 2004 1610 aretem
2023 1539 2136 1615 adbuc
2154 1559 2209 1612 est

1217 1644 1310 1712 filius
1332 1631 1643 1736 Christopborus,
1682 1665 1787 1732 quem
1811 1641 1926 1730 cogito
1951 1644 1988 1710 in
2007 1639 2205 1712 Marcbiam

1218 1747 1356 1816 ducere.
1407 1741 1498 1811 Nam
1513 1744 1643 1812 iterum
1660 1738 1748 1808 mibi
1764 1743 1903 1834 scripsit
1916 1736 2116 1827 Marciis,
2145 1747 2206 1813 sed

1216 1869 1295 1914 meo
1319 1844 1451 1914 iudicio
1474 1842 1695 1913 commodius
1717 1858 1821 1928 esset,
1856 1867 1875 1911 a
1898 1846 2000 1913 vobis
2024 1846 2120 1916 mitti
2139 1841 2210 1915 huc

1218 1945 1392 2039 equitem,
1418 1946 1479 2036 qui
1495 1944 1608 2012 lilium
1630 1944 1754 2013 advos
1771 1946 1924 2015 duceret.
1974 1942 2071 2036 Ego,
2097 1946 2127 2015 si
2148 1966 2212 2016 au-

1218 2048 1337 2132 diero,
1369 2069 1433 2137 per
1448 2070 1537 2138 quae
1553 2046 1628 2114 loca
1643 2044 1774 2134 possim
1792 2046 1859 2113 iter
1874 2046 2006 2130 facere,
2041 2046 2116 2139 ipse
2131 2071 2209 2117 eum

1125 2204 1134 2221 .
1218 2149 1261 2216 ad
1289 2171 1351 2217 vos
1375 2148 1559 2218 adducam.
1611 2143 1654 2218 B.
1678 2160 1713 2216 et
1731 2146 1883 2217 feliciter
1905 2148 2030 2225 valete.
2085 2147 2154 2218 Die
2175 2149 2210 2221 9.

1218 2247 1320 2322 Maii.
1340 2241 1378 2344 *)
1404 2246 1651 2335 Brunsvvigae.
1962 2245 2163 2343 Philippus.

1230 2586 1296 2658 No.
1313 2583 1424 2659 8871.

1224 2682 1437 2718 m

1816 2594 1872 2660 10.
1889 2586 1971 2650 Maii.
1994 2587 2193 2668 (Brunsrig.)

1788 2679 2209 2727 W

1546 2745 1638 2829 Iac.
1663 2744 1877 2829 Milichie.

452 2807 563 2893 Not.
596 2805 903 2891 Bucatolzero.

247 2967 269 3034 ·1·
288 2965 325 3018 Er
343 2964 499 3037 apographo
515 2966 545 3020 in
565 2964 628 3021 eod.
644 2964 731 3027 Paris.
749 2965 786 3019 D·
799 2965 834 3017 1..
851 2962 910 3018 54¹.

1305 2885 1392 2959 epta.
1408 2885 1455 2942 us.
1469 2885 1502 2942 u.
1520 2906 1547 2959 ρ.
1559 2887 1620 2940 us.
1638 2887 1695 2956 (ea.
1712 2871 1802 2942 iona.
1820 2884 1867 2940 us.
1881 2883 1917 2941 u.
1935 2870 1977 2953 ep.
1990 2882 2073 2949 trra.

1472 3001 1527 3080 D.
1555 3003 1731 3076 Iacobo
1756 2997 1991 3075 Milichie

181 3119 337 3217 19891111
349 3120 539 3224 samum
561 3131 595 3192 ⁶²
618 3146 655 3191 ‘r
656 3117 820 3193 “dulim
839 3104 979 3191 ‘eximia
1002 3113 1171 3218 Pmdiw
1217 3133 1262 3224 S·
1282 3146 1327 3220 D.
1378 3143 1540 3220 Gratiam
1555 3153 1621 3223 tibi
1638 3147 1762 3237 habeo,
1789 3152 1940 3245 quodad
1956 3172 2015 3218 me
2027 3151 2213 3242 scripsisti,

408 3219 571 3297 Imm
605 3218 903 3294 BMMWIW
912 3247 944 3297 ⁰·
1008 3243 1011 3251 ¹
1219 3268 1322 3346 teque
1343 3277 1406 3323 oro
1429 3266 1469 3323 ut
1490 3252 1685 3322 moestitiae
1708 3277 1892 3344 repugnes.
1941 3248 2212 3344 Tranquilliore

181 3332 230 3424 S.
282 3351 416 3434 Versus
437 3368 491 3425 est
517 3352 701 3424 Theocriti
726 3348 939 3425 conueniens
967 3377 1050 3423 cum
1076 3353 1171 3423 dicto
1220 3357 1338 3424 animo
1356 3367 1455 3444 potes
1476 3367 1511 3422 et
1527 3353 1617 3423 serre
1638 3367 1673 3425 et
1689 3369 1844 3445 spectare
1860 3353 2019 3444 publicas
2039 3354 2211 3440 miserias,

182 3451 334 3549 Psalmi:
372 3452 562 3547 generatio
589 3465 762 3524 rectorum
789 3449 1030 3538 benedicetur,
1069 3451 1173 3526 etius-
1220 3457 1304 3550 quia
1324 3468 1359 3524 et
1381 3479 1399 3523 a
1420 3456 1670 3524 certaminibus
1695 3456 1920 3545 dogmatum,
1954 3467 1989 3523 et
2009 3477 2029 3523 a
2052 3455 2213 3524 consiliis

183 3551 285 3649 βίων
300 3547 471 3626 παίδεσσι
486 3550 533 3626 τὰ
556 3554 669 3640 turia,
697 3552 912 3648 δυσσεβέων
927 3552 965 3628 d'
984 3552 1041 3628 οὐ.
1080 3553 1171 3627 Cum
1222 3556 1372 3648 publicis
1388 3556 1542 3626 abluisti.
1591 3555 1730 3625 Deinde
1745 3559 1789 3624 de
1806 3555 1954 3646 pecunia
1970 3555 2072 3623 etiarn
2088 3557 2212 3624 consi.

184 3656 295 3745 igitur
315 3671 413 3746 pater
435 3671 516 3726 tuus
534 3680 614 3747 vera
636 3658 762 3748 pietate
778 3656 894 3725 Deum
921 3658 1031 3742 colat,
1063 3670 1098 3726 et
1114 3657 1173 3725 in·
1220 3660 1311 3728 lium
1322 3650 1420 3753 Deus
1442 3658 1620 3742 ostendet3
1656 3670 1827 3749 quantum
1846 3652 1935 3726 mihi
1953 3654 2128 3748 reliquum
2147 3671 2214 3742 est,

182 3753 580 3848 eormptamEvangelii
598 3781 719 3829 rocem
737 3758 774 3826 in
791 3754 946 3828 Ecclesia
960 3770 1072 3842 sonet,
1094 3781 1173 3849 spe·
1221 3773 1336 3830 tecum
1351 3759 1419 3828 crit
1433 3780 1631 3830 commune.
1682 3754 1822 3827 Rur'sus
1839 3758 1953 3846 cogito
1976 3779 2088 3827 meam
2105 3758 2213 3826 farni-

148 3879 150 3882 ·
184 3881 246 3938 ro,
277 3853 354 3926 Deo
371 3860 511 3929 etfilios
528 3861 605 3930 eius
622 3861 830 3944 curaefore3
863 3862 960 3951 quod
976 3861 1120 3953 quidem
1141 3873 1174 3929 et
1221 3861 1307 3931 liam
1323 3859 1551 3928 collocare-in
1566 3836 1941 3949 oppiddNorthusen‚
1967 3882 2038 3950 quo
2052 3852 2212 3928 etGeor-

41 3940 85 4007 ⁸·
183 3982 240 4028 res
270 3959 436 4033 ostendit.
497 3959 586 4031 Nam
620 3961 770 4034 facilitas
803 3961 998 4031 carminum
1031 3975 1173 4031 tuorum
1218 3960 1306 4056 gius
1320 3961 1470 4049 migrare
1483 3959 1591 4048 cupit.
1623 3954 1713 4028 Nab
1733 3946 1986 4047 adhuc'patent
2003 3959 2094 4029 viae.
2128 3954 2213 4030 Dis-

184 4060 341 4133 ostendit
362 4060 496 4149 ingenii
511 4061 726 4136 felicitatem.
778 4061 898 4151 Quare
923 4075 958 4130 et
980 4062 1073 4154 patri
1094 4083 1175 4150 gra·
1220 4085 1434 4134 cesseramus
1458 4057 1700 4153 Brunsuigu‚
1738 4060 1825 4129 ituri
1852 4053 2139 4154 Luneburgum,
2171 4075 2211 4133 ut

186 4164 282 4232 tulor
297 4157 364 4232 boc
379 4161 448 4232 Dei
461 4184 609 4248 munais,
641 4165 738 4257 quod
758 4164 887 4233 liberos
910 4159 1017 4235 babet
1038 4164 1083 4233 ad
1101 4163 1175 4232 vir·
1201 4167 1305 4251 ¹inde
1328 4164 1370 4231 ad
1388 4159 1523 4253 Regem
1536 4157 1728 4231 Dorticum
1750 4154 1933 4253 Georgius
1951 4163 2097 4233 viduam
2117 4156 2211 4333 gm-

184 4274 293 4333 tutem
313 4263 480 4350 idoneos,
506 4266 688 4355 etgaudco
703 4266 915 4355 posteritatis
933 4286 1035 4336 cansa
1051 4286 1175 4334 mane-
1220 4262 1333 4359 theri)
1346 4266 1545 4339 adduceret.
1585 4262 1653 4334 Sed
1674 4276 1860 4357 postquam
1876 4265 2040 4333 venimus
2054 4265 2099 4332 ad
2155 4261 2210 4362 es-

184 4385 223 4432 re
239 4364 352 4433 lucem
368 4365 549 4437 doctrinae
561 4366 602 4435 in
615 4367 760 4436 familiis
774 4367 926 4458 piorum.
952 4366 1062 4449 Vota,
1084 4389 1174 4458 quae
1220 4361 1335 4452 horn,
1375 4380 1409 4436 et
1428 4364 1511 4439 Dux
1532 4352 1760 4434 Franciscus
1794 4365 2019 4453 exaggerabat
2052 4365 2210 4454 pericula

184 4464 329 4548 misisti,
357 4481 519 4535 aeternus
540 4483 641 4559 pater
656 4467 794 4537 domini
816 4470 927 4536 nostri
944 4465 1022 4537 lesu
1039 4462 1173 4536 Christi
1221 4470 1406 4550 itinerum,
1430 4489 1503 4535 non
1520 4466 1653 4533 invitus
1668 4459 1926 4557 Brunsuigam
1942 4488 2104 4535 reversus
2120 4488 2211 4549 sum,

183 4578 258 4634 rata
274 4565 388 4637 iaciat.
440 4566 508 4637 Pro
531 4572 600 4639 tuis
617 4570 798 4639 versieulis
812 4569 965 4638 vicissim
989 4568 1092 4639 mitto
1109 4590 1174 4658 pa·
1220 4566 1478 4641 cum'viderem
1499 4589 1519 4634 a
1543 4564 1658 4635 reditu
1682 4590 1756 4634 non
1784 4561 1975 4636 abhorrere
1996 4558 2209 4660 Georgium.

184 4665 310 4755 gellam
326 4667 370 4733 de
386 4688 449 4736 soa
462 4666 511 4762 (i)
525 4673 688 4755 somnio..
708 4673 767 4739 sed
781 4671 867 4738 alias
883 4668 1029 4737 meliora
1045 4669 1173 4738 missu·
1199 4760 1201 4765 .
1220 4670 1302 4743 Sive
1316 4658 1583 4750 Northusium‚
1616 4667 1691 4735 sive
1712 4662 1948 4737 Steudaiiam
1966 4691 2117 4751 venero,
2143 4678 2210 4738 'cn-

1221 4774 1305 4842 rabo
1326 4783 1368 4840 ut
1382 4767 1568 4836 nobiscum
1588 4767 1647 4839 sis.
1699 4766 1856 4860 Expecto
1875 4771 1969 4838 enim
1993 4769 2065 4837 iam
2089 4770 2210 4840 literas

1220 4889 1254 4955 et
1268 4870 1440 4958 nuncium
1464 4891 1505 4936 ex
1526 4869 1660 4960 oppido
1674 4865 1915 4940 Nortbusano.
1965 4869 2037 4940 Nec
2056 4871 2102 4939 de
2123 4869 2209 4941 belli

1200 4972 1442 5050 sanonum,
1473 4992 1540 5040 nec
1564 4973 1609 5039 de
1633 4972 1790 5041 consiliis
1813 4967 2000 5042 hominnm
2015 4971 2052 5039 in
2072 4966 2130 5041 bis
2153 4995 2210 5040 re-

1217 5075 1383 5170 giumbus
1404 5072 1599 5166 quidquam
1616 5072 1776 5141 'scribere
1804 5094 1963 5162 possum:
2004 5074 2066 5141 sed
2090 5071 2210 5143 brevis

178 5165 245 5245 No·
261 5171 373 5243 3870·
446 5252 448 5257 ,
827 5183 861 5244 9·
876 5173 961 5240 Meli·
979 5171 1171 5258 (Brumvib)
1216 5179 1374 5251 narratio
1403 5174 1590 5264 complecti
1619 5195 1719 5264 posse
1741 5196 1915 5242 summam
1936 5173 2091 5247 videtur.
2144 5172 2210 5242 Vi-

191 5266 379 5309 m‘
848 5268 1169 5317 ”m
1216 5284 1346 5353 dentur
1362 5276 1520 5346 civitates
1535 5277 1581 5344 ad
1605 5278 1724 5344 casum
1740 5285 1777 5343 et
1789 5287 1947 5365 tempora
1963 5277 2209 5348 accommoda·

365 5310 367 5314 ⁵
470 5319 530 5404 Μ.
557 5314 879 5433 Meieuburgio.

270 5483 361 5593 ⁸repra.
379 5482 428 5537 us.
442 5464 477 5538 'v.
495 5480 587 5555 aser
599 5500 643 5554 sq.

184 4790 257 4871 rus.
309 4763 407 4837 Bene
422 4771 510 4843 vale.
561 4770 629 4840 Die
648 4771 682 4843 8.
697 4769 789 4840 Maii
806 4769 915 4846 1547.

916 4862 1010 4941 Phil.
1034 4866 1123 4942 Mel.

1248 5468 1278 5538 ¹⁸)
1298 5467 1380 5521 sans.
1394 5463 1505 5523 Mareu.
1523 5462 1598 5535 quod
1611 5462 1742 5516 mendum
1757 5472 1805 5519 est.
