4748 6022
119 318 171 393 69

119 493 251 566 striaci.
312 490 438 564 Postea
460 491 560 562 venit
582 493 627 561 ad
649 514 706 561 me
729 492 789 562 ille
809 491 884 585 ipse
908 488 1115 563 Austriacus

625 272 631 278 ’
695 315 1133 396 urrsrouanuu
1196 322 1387 404 trun
1439 327 1571 406 1646.

2110 341 2160 412 to

1165 492 1263 567 Deus
1289 499 1451 572 restituat
1480 502 1547 571 tibi
1573 505 1731 594 corporis
1753 507 1866 593 vires,
1898 509 1947 579 ad
1967 509 2157 582 utilitatem

117 587 314 663 Iohannes
330 586 520 679 Eicholtz,
545 614 703 663 recensa
721 595 1117 683 nobisornatusgradu
1163 593 1343 671 Ecclesiae
1358 623 1453 677 suae.
1502 599 1670 674 Calendis
1685 603 1819 678 Martii.

118 693 338 786 Magisterii,
364 698 543 765 modestus
567 707 601 765 et
625 696 785 766 eruditus
808 696 966 780 iuvenis,
990 710 1025 767 et
1040 698 1115 786 epi-

116 798 246 869 stolam
259 799 474 889 peculiarem
489 796 671 886 flagitavit.
707 795 775 868 Est
791 797 830 866 in
846 798 991 871 aedibus
1006 799 1115 868 vestri

116 898 204 970 civis
221 893 393 968 Andreae
407 892 514 967 Pteis
531 896 737 970 mercatoris
751 913 914 969 matrona
929 896 1114 968 Viennen-

115 1001 165 1070 sis
177 994 372 1071 Catharina
385 992 646 1087 Bilhamerin,
671 1024 761 1094 quae
783 996 953 1071 hactenus
974 1001 1113 1070 studio-

115 1126 198 1174 rum
218 1116 381 1194 sumptus
402 1098 487 1172 huic
504 1098 692 1172 Austriaco
716 1103 825 1175 dedit.
876 1101 982 1172 Nunc
1004 1102 1112 1190 igitur

117 1205 162 1275 ad
191 1228 255 1274 vos
281 1203 516 1295 proficiscitur
543 1205 766 1287 adolescens,
798 1217 839 1273 ut
862 1216 921 1273 tua
951 1205 1113 1272 oratione

115 1328 232 1375 mores
268 1306 343 1375 eius
383 1318 417 1375 et
454 1305 571 1376 studia
605 1319 774 1396 patronae
805 1306 1111 1385 commendentur,

116 1409 213 1500 quod
236 1407 368 1497 poteris
390 1408 467 1476 sine
483 1406 558 1475 ullo
574 1407 732 1498 periculo
750 1407 874 1477 lacere.
925 1405 1015 1475 Nam
1030 1431 1110 1474 mo-

116 1508 313 1579 destissima
329 1523 455 1579 natura
471 1519 532 1591 est,
557 1521 592 1578 et
612 1508 649 1576 in
665 1508 777 1578 literis
791 1505 930 1577 Latinis
946 1521 980 1577 et
995 1504 1110 1577 Grae-

115 1609 177 1694 cis,
190 1623 226 1680 et
238 1611 276 1678 in
290 1610 451 1680 doctrina
464 1605 665 1679 Christiana
680 1611 769 1678 bene
783 1609 942 1701 profecit.
968 1606 1108 1697 Quaeso

115 1710 235 1801 igitur,
260 1725 301 1781 ut
315 1736 397 1782 eum
414 1713 551 1781 demea
565 1711 770 1781 testimonio
786 1710 976 1800 diligenter
991 1735 1107 1785 ornes.

115 1807 212 1883 Bene
227 1813 317 1886 vale.
366 1810 443 1886 Cal.
459 1810 595 1881 Martii.

622 1905 812 2002 Philippus
832 1905 1063 1982 Melantbon.

1673 703 1860 803 Philippus
1876 707 2103 788 Melanthon.

1160 1018 1226 1091 No.
1243 1021 1356 1096 3405.
1391 1077 1394 1080 -
1472 1060 1477 1067 ’

1169 1115 1343 1146 m

1978 1038 2148 1120 (ellan)

1988 1132 2143 1156 ‘A‘

1428 1210 1579 1296 Ioaclc
1611 1209 1873 1299 Camerario.

1227 1344 1312 1417 Epist.
1330 1347 1363 1400 ad
1384 1347 1521 1407 Camerar.
1544 1370 1571 1424 p.
1584 1354 1635 1407 649
1647 1373 1688 1426 sq.
1708 1356 1764 1423 (ed.
1777 1356 1867 1413 Laud.
1886 1356 1933 1414 lib.
1947 1358 1994 1414 lV.
2013 1377 2055 1430 ep.
2070 1359 2144 1428 698.)

1157 1493 1383 1573 Clarissimo
1408 1505 1486 1576 viro
1508 1505 1711 1582 eruditione
1733 1523 1765 1584 et
1788 1512 1917 1585 virtute
1936 1516 2147 1612 praestanti

1201 1600 1232 1673 I
1235 1601 1444 1678 oachimo
1468 1599 1531 1679 Ca
1540 1636 1589 1685 m.
1614 1609 1729 1689 Bam.
1745 1616 1865 1685 amieo
1878 1640 1947 1687 sao
1965 1618 2093 1697 carras.

1156 1728 1200 1817 S.
1216 1749 1263 1826 D.
1298 1752 1436 1846 Inspexi
1454 1734 1728 1848 disputationem
1743 1763 1909 1854 scriptam
1925 1766 1963 1834 in
1978 1766 2055 1857 ripa
2069 1763 2144 1836 Da·

1098 1858 1107 1880 ⁴
1155 1855 1271 1938 nubii,
1296 1880 1336 1924 ac
1352 1859 1455 1926 tidem
1471 1872 1505 1927 et
1519 1862 1676 1929 studium
1692 1876 1896 1933 nostrorum
1910 1867 2036 1955 probo.
2070 1868 2143 1937 Sed

1156 1960 1329 2041 quaedam
1350 1970 1413 2026 aut
1435 1958 1537 2028 aliter
1560 1962 1733 2050 explicare
1755 1977 1903 2034 conatus
1920 1988 2048 2051 essem,
2081 1983 2144 2040 aut

1051 2103 1056 2110 .
1156 2055 1429 2142 praeteriissem,
1457 2084 1526 2151 qua
1547 2062 1644 2132 dere
1660 2086 1740 2131 cum
1755 2065 1886 2134 erimus
1902 2090 1992 2151 ona,
2019 2068 2142 2164 loque-

111 2306 309 2436 &Q
971 2326 1001 2383 1.
1019 2317 1105 2379 blan.

470 2490 519 2579 F.
546 2491 757 2600 Myconio.

180 2649 259 2705 Edita
277 2670 293 2706 a
309 2648 456 2723 Snegassio
473 2669 516 2722 ep.
530 2618 576 2705 64.

115 2817 212 2899 Viro
228 2822 382 2922 optimo,
406 2820 460 2896 D.
474 2818 725 2894 Friderieo
749 2819 998 2919 Myconio,
1023 2817 1104 2893 Pa·

30 2946 36 2966 ’
149 2926 244 2997 stari
258 2922 449 2997 Ecclesiae
460 2920 687 3012 Gotthanae,
711 2925 832 2998 amico
847 2951 916 2997 sao
931 2923 1062 2997 eariss.

107 3071 158 3164 S·
180 3089 228 3166 D.
277 3088 375 3184 Opto
399 3116 441 3160 ex
463 3093 604 3177 animo,
634 3104 676 3161 ut
696 3087 813 3174 Deus,
841 3088 948 3161 Pater
969 3091 1102 3160 libera-

107 3193 201 3263 toris
225 3194 338 3261 nostri
361 3190 442 3261 lesu
457 3187 608 3274 Christi,
636 3192 762 3262 reddat
783 3194 848 3279 tihi
871 3193 1030 3282 corporis
1047 3194 1102 3260 vi-

32 3344 36 3350 ·
107 3317 168 3364 res
184 3285 242 3386 ¹⁵),
272 3307 312 3362 ut
341 3293 477 3364 diutius
503 3289 680 3362 Ecclesiae
712 3294 876 3382 prodesse
905 3316 1011 3384 opera
1039 3305 1100 3361 tua

108 3395 241 3488 possit,
266 3406 300 3465 et
313 3408 354 3464 ut
368 3393 524 3463 filiorum
539 3414 658 3482 regere
673 3393 788 3462 studia
803 3416 921 3487 queas.
966 3391 1101 3463 Verum

111 3496 143 3566 si
162 3507 196 3566 te
218 3518 365 3577 evocare
377 3493 474 3564 Deus
489 3494 605 3572 volet,
630 3494 680 3562 mi
695 3487 739 3562 F
734 3488 902 3580 alderice,
927 3495 1040 3584 cogita
1055 3497 1101 3564 ad

110 3595 251 3690 qualem
265 3611 404 3667 coetum
420 3595 636 3664 discessurus
653 3594 716 3662 sis:
744 3597 788 3664 ad
803 3593 920 3665 Deum
937 3595 1102 3665 etlilium

111 3698 206 3783 eius,
236 3698 340 3768 nobis
369 3700 559 3776 donatum,
592 3697 638 3765 ad
669 3692 809 3780 Patres,
842 3691 1038 3787 Prophetas
1067 3709 1102 3766 et

110 3799 313 3890 Apostolos.
363 3796 440 3868 Hos
461 3819 600 3875 cernes,
626 3818 707 3865 cum
727 3792 782 3865 his
798 3797 1013 3889 disputabis,
1038 3798 1101 3890 qui

109 3901 187 3969 sine
200 3894 398 3992 Sophistica
413 3898 562 3989 gloriam
575 3894 645 3968 Dei
660 3896 727 3968 tibi
744 3901 972 3972 enarrabunt.
1023 3896 1102 3968 Ho-

110 4024 192 4069 rum
214 4001 391 4095 colloquia
410 4001 497 4086 adeo
514 4000 681 4069 ardenter
695 4014 837 4092 expeto,
862 4023 964 4093 saepe
980 4015 1021 4072 ut
1036 4002 1101 4070 do-

52 4093 58 4104 ’
109 4103 207 4172 leam
234 4125 289 4170 me
316 4097 432 4172 adhuc
462 4103 502 4171 in
531 4096 600 4171 hoc
621 4101 764 4170 mortali
786 4125 921 4171 carcere
944 4103 1102 4186 retineri,

107 4203 317 4296 praesertim
328 4228 409 4275 cum
427 4203 566 4274 assidue
582 4197 673 4271 mihi
689 4202 965 4273 conflictandum
982 4205 1029 4275 sit
1043 4205 1101 4272 in-

108 4304 279 4396 gentibus
301 4304 484 4374 doloribus
504 4318 540 4374 et
562 4304 740 4397 periculis.
796 4300 1020 4397 Discerptum
1045 4328 1101 4375 me

109 4405 276 4490 mallem,
310 4430 417 4499 quam
446 4405 625 4475 colludere
649 4428 730 4474 cum
754 4402 1007 4499 Sycophantis,
1039 4406 1101 4500 qui

109 4530 207 4578 nunc
228 4507 427 4577 moliuntur
443 4507 579 4577 fucosae
594 4506 870 4580 conciliationes.
920 4503 969 4577 Et
984 4521 1102 4578 tamen

16 4608 31 4619 ‘
108 4608 198 4693 scis,
231 4633 288 4679 me
318 4609 438 4677 vocari
460 4610 507 4677 'ad
538 4606 623 4687 talia
655 4619 729 4676 tam
757 4603 927 4678 insidiosa
950 4610 1101 4697 negotia.

110 4708 198 4781 ldeo
214 4722 249 4780 te
263 4705 454 4794 adhortor,
479 4722 519 4779 ut
533 4724 568 4780 et
581 4703 775 4777 Ecclesiam
793 4721 827 4778 et
840 4733 898 4779 me
912 4706 987 4778 Deo
1004 4733 1101 4779 com-

106 4798 268 4888 mendes.
311 4810 422 4882 Mitto
438 4809 505 4881 tibi
521 4811 564 4879 de
581 4806 638 4878 his
651 4810 817 4900 periculis
831 4811 1101 4883 oratiunculam.

106 4912 238 5011 Adieci
271 4928 305 4987 et
330 4912 589 5005 propositiones
622 4913 666 4980 de
696 4911 841 4981 materia
868 4911 1102 4982 Wormaciae

107 5015 252 5104 agitata.
307 5011 405 5084 Bene
427 5027 461 5084 et
481 5011 631 5083 feliciter
652 5013 749 5094 vale,
779 5027 813 5083 et
837 5015 1001 5088 rescribe.
1061 5012 1102 5084 si

1153 2178 1246 2241 mur,
1270 2157 1407 2227 utinam
1421 2183 1559 2250 possem
1574 2161 1648 2254 ipse
1661 2163 1787 2233 afferre
1800 2180 1957 2237 nostram
1971 2171 2143 2241 conciun-

1153 2257 1269 2326 culam
1284 2249 1500 2341 Laterensi,
1525 2265 1585 2330 sed
1607 2264 1681 2347 sive
1701 2288 1765 2356 ego
1781 2268 1958 2365 all'eram,x
1969 2270 2042 2340 sive
2057 2274 2141 2344 mit-

1152 2369 1243 2444 tam,
1266 2384 1339 2430 una
1361 2361 1494 2431 litteras
1514 2365 1715 2454 prutenicas
1737 2368 1856 2438 afferri
1872 2372 2002 2441 curabo
2018 2388 2140 2447 nostro
2177 2436 2180 2443 ,

1152 2461 1283 2544 amico,
1308 2463 1372 2555 qui
1393 2487 1533 2533 versum
1549 2462 1780 2537 Homericum
1803 2494 1876 2540 non
1896 2487 2076 2559 moratur,
2100 2478 2139 2547 in

1151 2584 1222 2653 quo
1239 2563 1388 2648 dicitur,
1411 2561 1524 2637 οὐδὲν
1536 2562 1818 2666 πλαγκτοσύνης
1830 2565 1973 2645 κάκιον.
2024 2568 2139 2648 Mat·

1150 2655 1233 2731 theo
1254 2667 1460 2758 properanti
1482 2693 1557 2738 non
1578 2672 1679 2760 potui
1699 2673 1926 2764 prolixiorem
1942 2670 2140 2767 Epistulam

1149 2766 1300 2837 tradere.
1342 2762 1544 2840 Manceras
1559 2774 1742 2862 respondit
1755 2775 1869 2845 videri
1885 2777 1955 2847 sibi
1969 2792 2061 2849 recte
2077 2776 2139 2853 cu·

1149 2881 1261 2937 ratam
1282 2893 1359 2939 rem
1381 2869 1553 2957 aSuevo,
1585 2898 1675 2967 quae
1695 2876 1728 2945 ei
1750 2878 1916 2950 mandata
1937 2879 2017 2954 fuit.
2068 2883 2137 2954 Sed

1141 2968 1200 3038 ait
1215 2971 1367 3061 seipsum
1383 2974 1428 3042 ad
1444 2997 1506 3043 vos
1520 2976 1620 3043 brevi
1636 2990 1825 3046 venturum
1843 3001 1928 3054 esse.
1967 2978 2064 3053 Tuas
2077 2987 2139 3057 lit-

1148 3083 1241 3141 teras
1258 3088 1412 3165 expecto.
1463 3074 1560 3144 Bene
1577 3076 1667 3151 vale.
1706 3075 1750 3150 V.
1766 3076 1886 3148 Nonas
1902 3079 2039 3156 Martii.

1705 3173 1896 3271 Philippus
1911 3181 2086 3258 Melanth.

1160 3498 1350 3576 Nastos.

1151 3597 1362 3650 Ὀφ

1984 3527 2017 3589 4.
2038 3523 2126 3587 lllart.

1959 3613 2131 3644 Μ

1494 3688 1544 3771 F.
1569 3688 1783 3798 Myconio.

1218 3823 1295 3881 Edita
1313 3844 1329 3879 a
1345 3826 1489 3900 Saepissio
1507 3849 1549 3902 ep.
1568 3830 1613 3885 65.
1695 3846 1698 3851 ·

1148 3963 1361 4039 Reverendo
1384 3968 1479 4057 viro,
1504 3967 1706 4043 eruditione
1727 3982 1758 4043 et
1777 3973 1906 4046 virtute
1917 3980 2136 4074 praestanti,

1148 4068 1201 4141 D.
1226 4066 1271 4143 F
1274 4067 1470 4142 riderico
1494 4069 1794 4170 Myconio*),
1835 4073 1990 4148 Pastori
2007 4077 2135 4152 Eccle-

1148 4173 1227 4244 siae
1242 4172 1322 4291 Dei
1341 4172 1381 4243 ia
1404 4170 1538 4272 oppido
1554 4170 1718 4295 Gauda,
1751 4177 1871 4250 amico
1887 4188 1919 4248 et
1930 4176 2056 4277 fratri
2068 4207 2136 4253 sao

1576 4303 1705 4355 earcss.

1147 4408 1195 4498 S.
1220 4424 1266 4500 D.
1315 4424 1709 4502 CarissimeFriderice.
1753 4425 1863 4517 Saepe
1879 4450 1936 4498 me
1952 4423 2038 4500 haec
2054 4432 2136 4502 dul-¹
2257 4502 2259 4506 .

1149 4530 1286 4599 cissima
1307 4554 1375 4599 vox
1393 4528 1477 4598 Filii
1496 4529 1564 4600 Dei
1586 4532 1627 4599 in
1648 4528 1783 4618 magnis
1805 4529 1990 4601 doloribus
2010 4555 2136 4603 conso-

1149 4633 1219 4701 lata
1249 4644 1317 4701 est:
1358 4653 1463 4719 nemo
1491 4632 1603 4723 rapiet
1628 4653 1711 4701 oves
1733 4653 1828 4701 meas
1849 4634 1893 4703 de
1918 4656 2028 4703 manu
2048 4659 2136 4708 mea.

1148 4733 1220 4802 Nec
1242 4755 1452 4825 quaeramus
1471 4734 1578 4801 aliam
1593 4730 1834 4802 definitionem
1849 4734 1988 4820 ovium;
2013 4738 2073 4805 sed
2083 4738 2136 4804 si-

1148 4858 1227 4904 mus
1249 4833 1406 4903 contenti
1428 4832 1651 4919 delinitione,
1676 4858 1782 4928 quam
1797 4830 1961 4905 Christus
1979 4837 2138 4922 tradidit,

1149 4936 1210 5027 qui
1226 4947 1444 5018 vocatores,
1473 4934 1657 5008 audientes
1672 4952 1705 5008 et
1721 4950 1876 5007 amantes
1889 4934 2136 5026 Evangelium.
2262 5025 2271 5039 .

1123 5036 1127 5130 j
1149 5035 1255 5105 'l'ales
1274 5049 1366 5104 certe
1382 5057 1513 5106 sumus.
1566 5036 1648 5110 ldeo
1664 5054 1758 5110 certo
1772 5060 1951 5130 speremus
1965 5038 2002 5106 in
2018 5042 2137 5110 omni-

105 5117 312 5247 proficiscar
339 5116 384 5186 ad
403 5112 650 5198 (lomentum,
680 5109 829 5184 habeblS
851 5140 871 5185 ἃ
893 5141 950 5186 ¹¹¹⁰
970 5117 1101 5190 llleffl·
1123 5138 1126 5187 t
1148 5139 1215 5207 bus
1238 5135 1404 5227 periculis
1428 5131 1537 5209 huius
1557 5143 1649 5212 vitae
1671 5154 1705 5210 et
1723 5140 1865 5218 mortis,
1891 5140 1997 5209 nobis
2018 5144 2137 5210 adesse

143 5400 285 5472 ⁶)‘Pbtisi
308 5399 422 5455 arterias
446 5397 790 5468 (luihi'hmtltltttltthltttltt)
815 5400 957 5458 conlectus
977 5413 1017 5457 est
1036 5400 1104 5474 My·

179 5470 274 5527 conius
288 5472 316 5526 d.
328 5470 357 5523 7.
372 5473 439 5538 Ape.
451 5467 478 5521 h.
493 5485 517 5522 s.
931 5509 933 5514 .

1148 5240 1329 5310 custodem
1345 5252 1380 5309 et
1397 5240 1618 5313 defensorem
1634 5255 1796 5313 nostrum
1811 5239 1989 5310 Pastorem
2004 5241 2138 5313 Filiam
2204 5307 2210 5322 ,
2295 5228 2298 5239 ’

1124 5472 1127 5517 t
1183 5470 1212 5537 a)
1230 5466 1338 5523 uitta·
1356 5469 1421 5526 nea
1439 5476 1480 5526 ..ι
1497 5467 1682 5524 mantuana
1702 5467 1735 5552 aa
1755 5437 1916 5538 myconum
1936 5463 2057 5533 epistota.

1274 5536 1327 5613 ,a
