4748 6022
166 198 294 295 aarx
346 291 352 303 ,

173 371 287 446 Missa
310 372 400 444 ritus
435 369 690 441 dissimillimos
719 368 924 443 latinorum.
976 365 1067 454 Quis
1096 390 1168 436 un-

177 499 283 568 quam
308 475 464 565 prudens
485 472 541 538 vir
564 486 747 560 propterea
770 471 958 554 iudicavit,
991 467 1074 537 illos
1095 490 1168 537 esse

176 576 307 664 impios
329 586 390 642 aut
412 584 557 662 propter
581 571 660 639 illas
684 571 939 641 controversias
961 567 1055 639 bella
1089 592 1168 639 mo-

176 677 310 752 venda,
343 683 402 739 aut
419 671 597 740 saevitiam
615 672 769 764 aliquam
791 671 1050 762 suscipiendam
1072 670 1169 738 esse?

51 782 55 789 '
177 772 250 842 Nec
270 795 353 839 vero
375 767 439 839 bac
462 773 628 842 servitute
653 773 795 842 ecclesia
819 774 999 842 oneranda
1024 783 1108 855 est,·
1127 783 1169 840 ut

56 935 63 950 ,
177 873 414 951 existimetur,
446 874 641 942 necessaria
663 896 735 942 esse
760 873 919 943 omnium
944 885 1167 940 externorum

177 972 218 1040 in
233 972 377 1040 ecclesia
394 972 601 1044 similitudo.
653 971 701 1043 Et
718 987 834 1042 tamen
851 996 916 1042 nos
937 997 1012 1040 non
1029 993 1169 1039 recusa-

176 1096 257 1142 mus
271 1097 394 1141 omnes
411 1075 555 1142 usitatos
571 1073 659 1142 ritus
680 1075 830 1142 retinere
850 1086 994 1166 propter
1008 1072 1169 1142 dilectio-

177 1196 281 1256 nem,
303 1174 363 1265 qui
380 1198 454 1242 non
469 1174 614 1242 laedunt
629 1174 891 1246 conscientiam.
933 1174 1002 1243 Sed
1018 1173 1169 1243 abiicere

179 1275 364 1362 coniuges,
388 1274 536 1355 liberos,
557 1274 663 1341 fidem
679 1275 897 1343 matrimonii
910 1275 1060 1356 violare,
1084 1268 1169 1342 haec

179 1399 263 1444 vero
275 1387 394 1443 vetant
409 1398 480 1443 non
496 1374 876 1463 solumdlvinaeleges‚
898 1378 956 1444 sed
974 1375 1048 1463 ipsa
1063 1374 1169 1441 etiam

179 1487 327 1557 natura,
358 1475 426 1565 ipsi
449 1475 552 1543 etiam
567 1488 702 1543 veteres
721 1499 882 1546 canones.
934 1475 1090 1544 Tantum
1113 1474 1170 1542 iu-

179 1575 267 1645 bent
300 1575 335 1642 id
371 1599 483 1642 novae
514 1576 685 1666 quaedam
718 1578 921 1667 tyrannicae
957 1573 1169 1644 Pontificum

180 1676 464 1758 constitutiones,
496 1676 612 1766 palam
630 1700 709 1744 cum
728 1677 869 1761 divino,
896 1676 1049 1745 naturali
1064 1688 1169 1767 atque

182 1776 414 1844 ecclesiastico
432 1775 509 1844 iure
521 1788 729 1866 pugnantes.

241 1853 258 1892 i
284 1874 381 1964 Quid
399 1878 442 1944 de
463 1889 496 1947 te
518 1877 670 1945 sentiant
687 1876 762 1955 isti,
796 1877 859 1967 qui
881 1889 998 1946 tantae
1017 1874 1170 1944 crudeli-

180 1977 263 2047 tatis
285 1990 464 2046 auctorem
489 1990 594 2068 atque
620 1977 868 2046 administrum
892 1991 925 2047 te
949 1977 1024 2045 lieri
1047 1987 1170 2067 postu-

181 2079 277 2157 lant,
309 2078 413 2146 etiam
437 2091 542 2169 atque
558 2076 662 2146 etiam
689 2077 885 2147 considera.
935 2075 1009 2147 Nos
1025 2078 1169 2169 quidem

182 2193 274 2247 certe
300 2203 375 2246 eam
400 2179 465 2247 tibi
489 2179 659 2249 bonitatis
681 2178 822 2247 laudem
842 2178 1019 2246 exanimo
1041 2177 1170 2246 tribui-

181 2303 278 2363 mus,
311 2292 351 2347 nt
372 2292 506 2348 tantam
524 2278 747 2370 iniquitatem
766 2280 803 2346 in
821 2291 982 2347 naturam
998 2291 1094 2346 tuam
1112 2301 1165 2345 ca·

181 2380 264 2446 dere
278 2403 358 2446 non·
369 2402 469 2467 posse
479 2379 700 2452 arbitremur.
754 2379 893 2446 Tamen
909 2372 1088 2447 ne'fucum
1102 2376 1169 2446 tibi

178 2478 283 2545 faciat
300 2478 463 2546 ecclesiae
484 2478 627 2561 titulus,
659 2501 764 2569 quam
780 2500 917 2546 summa
933 2479 1091 2547 afficiunt
1111 2477 1169 2544 in·

178 2578 291 2658 iuria,
324 2600 404 2646 cum
422 2591 628 2665 praetexunt
643 2590 743 2646 tuum
762 2578 1018 2646 sanctissimum
1037 2602 1167 2646 nomen

179 2678 347 2747 omnibus
360 2678 569 2761 sceleribus,
594 2678 833 2760 idololatriae,
863 2679 1082 2762 crudelitati,
1106 2680 1167 2761 de-

178 2779 289 2870 nique
315 2801 360 2846 ne
382 2779 522 2847 dubites
543 2779 630 2846 falso
653 2779 796 2868 allegari
820 2778 962 2848 titulum
985 2779 1166 2849 ecclesiae:

179 2877 282 2947 Pauli
301 2880 511 2949 sententiam
528 2874 652 2958 habes,
680 2903 769 2971 quae
782 2878 1015 2969 impostorum
1032 2873 1070 2973 *)
1094 2880 1167 2970 spi-

179 2980 270 3048 ritus
285 2992 319 3047 et
334 2983 523 3048 daemones
536 2979 587 3049 ait
601 2994 759 3049 auctores
775 3002 848 3047 esse
864 2975 1166 3069 prohibendarum

177 3081 394 3171 nuptiarum.
445 3079 527 3149 Non
548 3079 657 3169 igitur
678 3081 820 3150 ecclesia
845 3075 979 3151 Christi
1003 3083 1061 3150 sed
1083 3082 1167 3151 dae-

122 3228 126 3237 .
176 3205 300 3249 mones
324 3182 586 3251 interdixerunt
608 3194 711 3250 antea
732 3181 910 3251 connubia
929 3175 1014 3250 buic
1036 3182 1166 3251 ordini.

176 3276 244 3364 Et,
276 3283 372 3372 quod
388 3296 440 3352 est
459 3283 572 3352 multo
592 3283 763 3366 atrocius,
795 3306 893 3351 nunc
911 3282 1056 3367 iubent,
1088 3283 1166 3371 cogi

176 3381 339 3464 maritos,
377 3395 417 3450 ut
448 3406 576 3451 uxores
606 3383 793 3466 abiiciunt,
831 3384 962 3452 liberos
990 3385 1164 3464 deserant,

178 3481 305 3549 iubent
326 3493 360 3549 et
383 3503 447 3547 nos
468 3483 683 3552 miserrimas
706 3484 933 3553 mulierculas
959 3479 1117 3553 abstrahi
1143 3509 1163 3552 a

177 3681 326 3751 interfici
350 3702 386 3749 se
419 3679 665 3774 potiusquam
695 3683 826 3771 depelli
855 3708 874 3752 a
909 3685 1002 3753 uatis
1035 3685 1163 3757 sinant.

176 3779 293 3853 Deum
308 3781 561 3851 immortalem!
595 3806 669 3851 non
693 3783 774 3852 satis
794 3784 867 3874 ipsa
883 3784 1072 3854 crudelitas
1087 3808 1165 3854 maa

175 3905 285 3972 gnum
295 3894 540 3970 argumentum
554 3897 617 3965 est,
643 3879 934 3978 quaeEcclesiam
950 3887 995 3954 ad
1010 3880 1164 3956 bocbel-

175 3985 252 4053 loru
277 3986 493 4054 movendum
508 4029 587 4058 .....
603 3985 786 4056 classicum
811 3981 971 4056 Ecclesia
994 4009 1035 4056 ac
1056 3983 1163 4057 Chri-

175 4087 267 4154 stian
365 4086 490 4170 factio,
523 4098 613 4178 quae
630 4087 782 4176 agitatur
803 4089 849 4155 ab
871 4112 915 4173 ep
929 4133 993 4161 ....
1007 4102 1112 4180 quem
1130 4102 1164 4157 et

173 4188 378 4263 mendacem
410 4199 445 4257 et
476 4186 689 4279 parricidam
722 4210 795 4257 esse
814 4183 978 4260 Christus
1002 4212 1164 4280 pronun-

174 4287 243 4357 ciat
262 4279 333 4383 ”).

175 4614 371 4720 masos.

178 4708 353 4743 Q

180 4777 230 4836 -b
452 4828 455 4835 ,
541 4773 592 4857 P.
630 4777 790 4860 Ebero.

242 4930 326 5002 epar.
346 4931 393 4985 tta.
409 4930 445 4984 ιι.
464 4950 491 5005 ρ.
506 4932 565 4989 us.
586 4935 640 5002 (ea.
655 4938 745 4992 rona.
758 4937 809 5017 ptis.
820 4936 854 4994 ιι.
867 4954 910 5008 ep.
922 4935 1004 5001 ιιι).

170 5041 381 5057 m

1027 4721 1158 4753 Nm

208 5104 238 5172 *t
259 5106 476 5164 coenantes.
495 5110 624 5167 mendose
638 5112 836 5181 inposterum.

209 5191 243 5233 *¹
271 5189 356 5242 'lotus
371 5191 461 5244 locus:
488 5192 582 5248 Deum
599 5196 790 5250 rmnaorratem
805 5206 872 5266 etc„
894 5216 974 5270 quem
988 5198 1117 5268 descripsi
1133 5206 1163 5280 ut

255 5260 341 5331 egitur
354 5261 382 5311 in
394 5261 505 5330 codice,
523 5263 660 5319 mutilatus
672 5273 728 5337 ert,
743 5284 832 5338 neque
840 5266 946 5327 videtur
956 5267 1003 5327 hio
1015 5267 1083 5325 ittud
1091 5286 1160 5327 sort·

239 5343 316 5400 ptum
329 5328 482 5385 absolutum
498 5330 592 5390 tuine.

759 188 1196 271 urrsrouaanu
1246 195 1350 270 ιιι.
1383 194 1429 273 x.
1484 193 1633 268 rste,
1731 159 1737 165 ’

2136 192 2217 272 582

1391 354 1435 373 ”
1500 350 1919 440 D.PaitloEdero
2022 351 2027 359 ⁴

1212 492 1258 583 S.
1285 507 1331 584 D.
1381 509 1472 582 Cum
1494 514 1583 584 aliae
1604 515 1759 584 familiae
1773 516 1930 605 integrae
1951 515 2115 584 dimissae
2135 518 2211 588 sint

1214 637 1254 682 ex
1271 613 1424 702 oppido,
1442 628 1521 703 post
1535 630 1710 706 acceptam
1726 617 1860 685 cladem
1876 618 1919 685 ad
1938 611 2083 700 Albim,
2102 641 2208 710 spero

1214 727 1247 783 te
1264 738 1405 806 qnoque
1420 715 1458 781 in
1475 714 1602 784 itinere
1618 739 1710 801 esse,
1735 730 1907 808 tuumque
1923 720 2114 787 adrentum
2130 721 2207 788 val-

1213 817 1258 883 de
1274 828 1369 904 opto.
1421 812 1492 884 Sed
1505 811 1596 884 hanc
1612 818 1794 907 epistolam
1811 819 1841 884 si
1863 817 2012 907 accipies
2027 833 2149 890 curato
2165 828 2207 891 ut

1214 909 1290 983 mos
1313 927 1454 1003 geratur
1475 917 1688 986 adolescenti
1709 918 1824 987 nobili
1831 970 1843 1002 ,
1881 919 1938 1011 cui
1962 920 2204 992 testimonium

1214 1030 1247 1085 te
1260 1017 1299 1083 in
1315 1029 1451 1106 pascate
1467 1015 1543 1106 ipso
1561 1017 1712 1087 scribere
1733 1019 1941 1101 meministi,
1972 1019 2011 1086 in
2030 1046 2101 1113 quo
2124 1048 2205 1093 cum

1213 1117 1385 1186 fuerimus
1408 1117 1651 1206 perliberales‚
1683 1133 1800 1188 tamen
1823 1120 1958 1212 aliquid
1974 1121 2204 1200 desideratur.

1213 1215 1262 1287 Et
1278 1216 1376 1285 vides
1391 1229 1548 1309 tempora
1561 1217 1759 1287 studiorum
1777 1221 1816 1287 in
1829 1217 2020 1293 Academia
2039 1219 2205 1318 ἀκριβῶς

1215 1318 1394 1388 numerari
1411 1344 1430 1386 a
1447 1319 1635 1391 canonicis.
1675 1317 1769 1389 Petit
1785 1321 1894 1408 igitur
1907 1323 2104 1392 adolescens
2121 1352 2202 1396 mu-

1215 1418 1281 1488 tari
1297 1420 1466 1498 formam,
1499 1419 1637 1488 circiter
1659 1420 1871 1501 triennium,
1904 1436 1940 1490 et
1962 1424 2064 1491 scribi
2088 1426 2200 1494 trien-

1214 1519 1313 1588 nium
1332 1518 1526 1606 integrum,
1556 1518 1675 1589 minus
1691 1522 1804 1589 tribus
1824 1523 2015 1596 mensibus.
2063 1523 2198 1598 Censeo

1214 1619 1248 1688 ei
1263 1619 1529 1708 gratificandum
1546 1644 1629 1692 esse.
1682 1618 1758 1690 lmo
1775 1623 1902 1691 vellem
1918 1625 1950 1691 ei
1969 1627 2055 1693 duas
2070 1627 2198 1699 formas

1214 1719 1327 1805 mitti,
1359 1720 1398 1788 in
1415 1745 1566 1812 quarum
1587 1721 1695 1790 altera
1720 1721 1889 1814 scriptum
1907 1738 1995 1794 esset
2009 1726 2201 1799 triennium

1214 1821 1410 1909 integrum,
1436 1822 1512 1889 sine
1528 1815 1801 1916 ἐπανορθώσει,
1832 1825 1871 1892 in
1885 1826 1994 1896 altera
2009 1827 2203 1899 triennium

1213 1923 1391 2010 integrum
1410 1923 1528 1991 minus
1548 1923 1663 1991 tribus
1681 1926 1877 2010 mensibus,
1907 1939 1947 1996 ut
1971 1927 2044 2016 ipse
2068 1931 2203 2021 petivit.

1214 2020 1296 2091 Non
1320 2020 1428 2090 simus
1452 2023 1611 2091 difficiles
1634 2036 1669 2092 et
1684 2027 1835 2111 morosi,
1865 2026 1904 2094 in
1924 2050 1962 2095 re
1984 2052 2059 2097 non
2084 2037 2203 2121 magni

1215 2121 1397 2203 momenti,
1424 2136 1458 2191 et
1472 2139 1567 2213 grata
1585 2123 1638 2190 illi
1654 2126 1714 2216 qui
1732 2149 1813 2215 pars
1828 2126 1945 2221 aliqua
1957 2132 2069 2199 nostri
2085 2149 2203 2203 coetus

1213 2222 1293 2294 suit.
1343 2220 1459 2292 Deum
1480 2239 1659 2294 aeternum
1677 2222 1816 2295 Patrem
1833 2226 1982 2297 Domini
1996 2232 2110 2301 nostri
2127 2235 2205 2306 lesu

1213 2320 1348 2392 Christi
1368 2347 1451 2408 oro,
1484 2337 1524 2393 ut
1545 2325 1680 2412 mitiget
1695 2350 1844 2427 poenas,
1876 2342 1910 2398 ct
1926 2344 1958 2398 te
1973 2344 2008 2401 et
2023 2334 2203 2403 ecclesiam

1214 2438 1309 2494 tuam
1325 2424 1554 2493 domesticam
1571 2439 1605 2493 et
1626 2428 1804 2514 publicam
1820 2443 1944 2502 servet.
1994 2429 2202 2528 Lachrymis

1214 2536 1247 2592 et
1262 2526 1384 2593 dolore
1403 2526 1577 2616 impedior
1600 2551 1645 2595 ne
1667 2528 1770 2619 plura
1786 2531 1948 2601 scribam.
1997 2530 2093 2602 Bene
2111 2539 2199 2622 vale,

1212 2620 1288 2699 Cal.
1304 2623 1406 2698 Maii.

1285 2898 1299 2929 Ι

1211 2992 1278 3066 Νο.
1291 2992 1402 3068 3864.

1217 3089 1390 3119 Μ

2065 3017 2097 3077 1.
2116 3008 2201 3074 lllaii.

2060 3102 2192 3128 Μ

1560 3177 1603 3267 C.
1617 3177 1854 3294 Crucigero.
1915 3161 1918 3167 ’

1279 3335 1365 3408 epra.
1392 3307 1501 3395 tturir.
1522 3355 1548 3408 p.
1563 3340 1619 3394 ιιι.
1645 3340 1800 3406 (camon.
1826 3343 1872 3401 ιιι..
1887 3343 1936 3400 ιιι.
1955 3345 2083 3416 epau).
2120 3350 2199 3421 upo-

1313 3405 1468 3476 grapba·lu
1493 3408 1574 3466 codd.
1605 3409 1739 3466 Gotlnnia
1764 3413 1822 3468 191.
1856 3431 1883 3485 p.
1900 3414 1961 3488 δί,
1994 3424 2020 3469 et
2046 3417 2110 3474 eod.
2135 3410 2196 3477 tot.

1313 3477 1371 3546 p?

1412 3617 1466 3691 D.
1485 3610 1704 3722 Casparo
1729 3623 1994 3724 Crucigero.

1207 3751 1255 3845 S·
1279 3768 1326 3843 D.
1359 3763 1741 3867 CbarissimeCaspar,
1766 3768 1849 3846 Non
1864 3777 1896 3847 si
1907 3793 2043 3850 tantum
2053 3780 2197 3882 lachry-

1207 3894 1350 3955 marum¹
1370 3871 1518 3943 fundere
1538 3895 1695 3963 possem
1739 3890 1911 3969 quantum
1934 3906 2042 3974 aquae
2061 3887 2194 3959 flumen

1209 3967 1337 4055 Athis,
1367 3984 1411 4057 ,et
1430 3986 1543 4041 vestra
1568 3988 1602 4044 et
1624 3990 1743 4046 nostra
1770 3980 1911 4050 moenia
1943 3987 2192 4073 praeterfluens

1206 4075 1313 4166 plano
1336 4072 1438 4155 alveo
1458 4073 1588 4161 volvit,
1620 4071 1799 4157 exhauriri
1822 4104 1921 4150 meus
1944 4086 2046 4155 dolor
2067 4105 2196 4179 posset,

1208 4200 1278 4270 quo
1292 4174 1474 4245 excrucior
1488 4191 1632 4268 propter
1643 4180 1798 4263 cladem,
1820 4181 1942 4274 inqua
1959 4199 2077 4257 noster
2090 4189 2197 4262 Prin-

1209 4300 1308 4368 ceps,
1332 4277 1396 4369 qui
1410 4293 1503 4349 certe
1519 4275 1853 4351 dilexitEcclesiam
1871 4298 1906 4354 et
1919 4284 2113 4378 iustitiam,
2136 4319 2212 4364 car

1209 4393 1289 4470 ptus
1305 4391 1367 4453 est.
1462 4406 1467 4413 ·

1281 4492 1331 4566 Et
1344 4495 1476 4566 multae
1493 4518 1640 4584 maguae
1655 4521 1779 4568 causae
1792 4497 1838 4582 in,
1849 4497 1916 4573 hoc
1929 4504 2027 4578 luctu
2045 4532 2198 4584 concur-

1209 4610 1309 4667 runt:
1335 4595 1581 4667 Misericordia
1595 4598 1725 4691 captivi
1738 4601 1873 4690 ingenti
1885 4607 2030 4683 allicior.
2081 4610 2198 4688 Video

1208 4711 1405 4768 secuturam
1426 4697 1609 4766 doctrinae
1625 4701 1858 4772 mutationem
1881 4720 1915 4775 et
1937 4732 2048 4779 novas
2067 4714 2197 4786 distra-

1133 4822 1138 4833 ¹
1208 4799 1340 4870 ctiones
1353 4793 1608 4870 Ecclesiarum:
1633 4798 1773 4871 Deinde
1785 4806 1959 4896 quantum
1973 4810 2100 4899 decus,
2122 4819 2197 4888 dis·

1207 4901 1320 4992 sipata
1332 4894 1453 4968 schola
1476 4915 1597 4971 nostra
1621 4902 1852 4994 extinguitur:
1884 4905 1959 4977 Nos
1976 4911 2196 4992 divellimur.

1207 4999 1369 5070 Proiecto
1394 5000 1424 5069 si
1444 5002 1525 5093 quis
1541 4998 1658 5073 adbuc
1680 5006 1837 5074 consiliis
1857 5007 1955 5078 locus
1977 5030 2083 5102 esset,
2116 5021 2196 5093 istie

1208 5102 1246 5170 in
1264 5103 1518 5194 consuetudine
1532 5119 1645 5174 vestra
1667 5120 1701 5175 et
1722 5109 1767 5173 ad
1787 5104 1865 5176 aras
1878 5125 2010 5183 vestras
2026 5120 2082 5186 vel
2102 5122 2195 5193 mori

1208 5201 1344 5286 malim,
1379 5228 1484 5295 quam
1499 5204 1538 5271 in
1556 5199 1624 5274 hoc
1643 5205 1747 5274 exilio
1764 5210 1904 5296 vagari,
1935 5213 1973 5281 in
1990 5241 2061 5309 quo
2077 5234 2196 5295 tamen

1099 5346 1102 5353 ,
1119 5346 1123 5353 ·
1206 5302 1365 5397 quotidie
1379 5304 1596 5378 contabesco.
1645 5303 1742 5375 Deus
1755 5320 1920 5381 aeternus
1932 5311 2037 5385 Pater
2045 5317 2196 5395 Domini
