4748 6022
179 244 253 317 scs
347 304 355 340 ,

179 415 293 495 celas,
320 439 385 484 nec
399 426 488 506 puto
506 413 560 482 illi
577 408 767 504 praestanti
782 413 858 482 viro
876 415 920 483 de
932 404 1186 507 praeteritis⁸l

182 519 437 610 disputandum
455 538 539 588 esse.
591 513 804 604 Impendent
827 516 939 585 futuri
955 531 1082 590 motus.
1134 515 1177 586 ln

182 614 240 686 bis
264 619 413 705 cogitet,
436 639 589 707 quarum
607 616 692 684 velit
708 639 780 684 esse
796 617 967 706 partium,
993 620 1037 688 de
1058 620 1176 688 futura

181 719 242 788 illa
256 719 385 787 militia
401 719 588 800 deliberet,
615 719 736 807 inqua
762 741 824 806 ego
846 719 938 788 bene
959 735 1174 790 muratarum

181 821 362 890 civitatum
377 819 544 888 iniustam
560 818 821 907 oppressionem
836 834 870 889 et
888 822 1038 891 dissuasi
1056 834 1097 907 ,et
1112 824 1175 891 de-

178 924 297 1014 ploro.
351 919 492 1002 ludico,
526 919 608 988 satis
630 940 839 1010 responsum
861 945 953 1007 esse,
974 935 1078 1016 teque
1099 949 1174 1009 oro,

180 1037 221 1094 ut
236 1019 328 1092 hanc
341 1045 451 1089 meam
468 1020 652 1110 epistolam
669 1021 757 1090 boni
772 1024 946 1092 consulas.
998 1023 1039 1095 Si
1054 1048 1170 1095 coram

180 1125 335 1216 colloqui
358 1145 557 1213 possemus,
584 1122 726 1214 planius
748 1117 833 1192 haec
850 1149 1081 1217 exponerem,
1108 1127 1172 1195 etsi

178 1222 272 1295 nihil
294 1237 345 1293 cst
368 1222 509 1293 obscuri
533 1225 572 1291 in
593 1219 657 1292 bac
672 1225 912 1314 responsione.
962 1224 1060 1298 Bene
1084 1230 1172 1299 vale.

177 1326 302 1397 Mense
317 1322 512 1396 Februario
529 1325 589 1398 16.
606 1325 682 1410 die,
708 1350 804 1396 anno
821 1325 930 1398 1548.

339 1444 343 1451 ’
688 1423 877 1521 Philippus
893 1425 1130 1517 Melanthon.

172 1794 239 1865 No.
257 1786 370 1864 4153.

178 1888 351 1919 Μ

1014 1804 1168 1875 17.Febr.

1033 1899 1169 1930 M

485 1995 548 2077 10.
578 1996 838 2083 Matidesio.

242 2152 331 2226 Epist.
348 2154 395 2210 lib.
415 2155 451 2210 ll.
466 2175 493 2226 p.
509 2157 554 2213 41.
577 2158 632 2225 (ed.
644 2158 734 2213 Lond.
750 2156 796 2216 lib.
804 2159 839 2215 ll.
852 2177 894 2230 ep·
909 2158 977 2227 23.).

369 2309 422 2387 D.
450 2308 659 2384 Iohanni
680 2310 944 2387 Matthesio

171 2441 215 2531 S.
243 2464 291 2533 D.
340 2458 433 2532 Cum
455 2485 593 2553 semper
613 2462 732 2556 aliqua
755 2463 801 2531 sit
813 2457 992 2547 Ecclesia,
1016 2485 1106 2554 quae
1126 2474 1167 2532 ut

170 2562 302 2633 Paulus
329 2564 465 2654 inquit,
496 2564 661 2632 columna
691 2576 744 2633 est
770 2564 945 2648 veritatis3
980 2587 1164 2655 nunquam

169 2660 258 2732 mihi
282 2665 413 2755 placuit
435 2665 555 2732 omnia
571 2662 798 2758 Synodorum
816 2664 1018 2736 testimonia
1034 2665 1166 2756 pariter

169 2767 332 2843 abiicere.
390 2764 474 2835 ldeo
501 2767 718 2836 moderatius
746 2768 790 2836 de
812 2765 968 2860 Synodis
986 2765 1166 2836 veteribus

169 2868 338 2958 loquutus
361 2888 438 2934 sum
454 2890 559 2956 quam
583 2868 743 2959 plerique
759 2868 833 2938 alii.
882 2863 931 2935 Et
952 2880 1044 2936 certe
1064 2868 1165 2936 decet

169 2967 300 3038 iudicia
317 2970 473 3035 modesta
498 2988 589 3046 esse,
614 2969 674 3035 sed
692 2985 809 3037 tamen
824 2991 888 3037 nec
905 2981 1023 3036 vetera
1041 2969 1163 3036 decre·

169 3086 205 3142 ta
221 3068 339 3137 omnia
356 3066 495 3135 laudari
512 3081 668 3155 possunt.
700 3065 750 3137 Et
764 3068 851 3139 istos
866 3080 1060 3138 conventus
1078 3066 1162 3138 Mo-

121 3240 124 3244 .
167 3164 387 3252 nachorum,
424 3166 487 3258 qui
507 3184 603 3235 nnnc
624 3192 644 3238 a
667 3164 834 3239 Romano
857 3165 1029 3239 Pontidce
1051 3169 1162 3239 coacti

167 3284 269 3355 sunt,
295 3293 370 3338 non
396 3268 441 3338 ad
466 3266 650 3338 veritatem
676 3269 941 3351 illustrandam,
967 3271 1029 3342 sed
1050 3270 1162 3343 stabi·

166 3374 286 3443 lienda
301 3383 387 3441 tetra
403 3369 518 3453 idola,
543 3393 617 3439 non
636 3371 755 3441 iudico
771 3369 948 3442 Ecclesiae
961 3372 1029 3443 Dei
1044 3370 1161 3467 Syno-

165 3474 231 3545 dos
248 3494 341 3556 esse,
374 3474 435 3541 sed
462 3466 605 3568 ἀγορὰς
625 3463 837 3566 κερκόπων,
862 3486 905 3544 ut
929 3486 1082 3545 vetustas
1105 3473 1161 3543 lo·

165 3575 351 3670 quebatur.
404 3572 489 3642 Vidi
503 3573 666 3643 libellum
680 3598 785 3668 quem
798 3575 945 3660 misisti,
969 3576 1032 3669 qni
1054 3587 1160 3646 testa-

164 3692 242 3760 tur,
275 3674 325 3744 ibi
347 3698 393 3743 ne
417 3669 484 3744 hos
503 3676 648 3768 quidem
672 3675 807 3760 audiri,
840 3676 902 3770 qui
923 3689 1007 3747 sunt
1026 3676 1160 3747 addicti

163 3776 329 3850 Romano
344 3774 527 3860 Pontifici,
553 3775 681 3870 siquid
697 3791 868 3847 moneant
883 3778 1023 3849 rectius.
1073 3776 1159 3848 Vidi

163 3891 284 3971 postea
310 3877 504 3947 recentiora
532 3879 669 3948 decreta
695 3871 974 3963 Bononienss‘a,
997 3902 1159 3974 ‚quorum

163 3982 252 4050 adeo
275 3979 459 4048 manifesta
476 3991 527 4048 est
540 3976 739 4048 absurditas
761 3990 797 4047 et
811 3978 992 4069 impietas,
1014 3992 1055 4051 ut
1077 4005 1157 4051 cum

162 4080 408 4174 proferentur,
433 4078 545 4170 magis
566 4075 814 4149 confirmatura
840 4078 912 4148 sint
929 4080 1025 4169 pios,
1050 4105 1157 4172 quam

162 4181 466 4275 perterrefactum.
516 4176 665 4250 Decrevi
685 4180 731 4248 de
744 4179 793 4248 eis
808 4176 1019 4252 Germanica
1036 4180 1158 4270 lingua

163 4282 443 4354 admonitionem
459 4282 574 4354 edere.
623 4277 722 4349 Bene
731 4281 832 4365 vale,
856 4279 915 4350 die
930 4278 987 4355 17.
999 4279 1158 4351 Februa-

163 4385 221 4458 rii.
273 4383 432 4456 Salutem
454 4396 539 4476 opto
559 4379 605 4454 D.
621 4375 881 4469 Boltdasaro,
904 4393 1008 4477 teque
1032 4405 1096 4453 oro
1118 4395 1158 4453 ut

163 4508 265 4580 saepe
280 4487 424 4557 scribas.

161 4811 230 4886 No.
247 4810 359 4887 4154.

169 4909 341 4950 Μ

547 5016 757 5103 Emerico.

229 5182 249 5246 †
267 5177 305 5232 Er
318 5168 471 5250 apogra'pbo
486 5177 515 5233 in
527 5179 589 5234 eod.
605 5177 687 5237 Goth.
701 5180 757 5237 191.
772 5197 800 5250 p.
812 5176 857 5234 51.

159 5321 369 5341 ,ιιι-ιι·-

195 5407 223 5474 5)
242 5402 330 5461 Dans.
342 5404 513 5471 praeterito.

762 239 1201 320 nrrsronanuu
1257 239 1453 319 arom
1505 241 1639 323 asts.
1730 339 1733 346 .

2143 242 2217 330 stt

1227 408 1272 484 V
1266 410 1450 486 ener'nndo
1467 414 1563 501 viro,
1590 409 1791 486 crrsditiom
1815 427 1846 488 et
1862 418 1991 492 virtute
2008 420 2220 519 praedanti

1221 511 1275 589 D.
1291 513 1372 585 Em
1383 518 1521 604 erico,
1546 515 1775 612 gubernanti
1784 504 1952 593 sedulam
1966 522 2158 598 literarum
2176 526 2215 599 in

1341 615 1490 690 Salinis
1505 617 1728 707 Saxonicr's,
1753 620 1953 694 amicosne
1969 627 2097 698 caries.

1220 738 1417 835 Carissime
1439 764 1631 844 Emerice.

1218 868 1342 952 poe‘tae
1357 892 1496 941 versus:

1671 767 1869 841 Meministi
1890 767 2061 867 Sogdii,
2087 777 2256 867 optimi„

1308 995 1418 1078 thue
1439 1001 1505 1062 olii
1523 1000 1672 1064 aliosde
1693 1002 1874 1081 relligione
1895 1005 2051 1070 docerent

1302 1081 1483 1162 Contiguus
1503 1091 1616 1166 pietas
1638 1092 1735 1150 iussit
1756 1086 1878 1153 dobere
1899 1091 2020 1166 domos.

1215 1191 1289 1269 Aut
1307 1200 1336 1268 si
1350 1224 1470 1291 graece
1489 1206 1602 1273 voles:

1296 1324 1490 1409 Ἀνθρῶπων
1504 1330 1591 1414 γένος
1606 1327 1680 1396 εἶναι
1696 1333 1838 1418 ἐφέστιον
1851 1331 1946 1411 αὐτὸς
1959 1333 1976 1403 ὅ
1992 1334 2120 1425 πιστῆς

1298 1411 1452 1496 Βούλετο,
1474 1414 1627 1500 ἀλλήλους
1641 1417 1715 1492 aiere
1728 1416 1958 1502 διδασκόμενον.
1972 1464 1974 1477 ·

1212 1527 1303 1602 Cum
1319 1534 1426 1624 igitur
1443 1534 1539 1608 Deus
1553 1542 1752 1610 devinxerit
1767 1564 1878 1630 genus
1895 1540 2092 1617 humanum
2114 1546 2209 1617 inter

1213 1655 1286 1705 sese
1302 1638 1424 1710 multis
1439 1639 1611 1726 vinculis,
1639 1655 1677 1713 ut
1693 1643 1731 1712 iu
1747 1667 1869 1714 eorum
1885 1647 2047 1719 societate
2063 1648 2208 1732 viveret,

1213 1759 1352 1809 necesse
1377 1753 1446 1825 est,
1484 1742 1643 1832 singulos
1672 1745 1794 1815 multis
1818 1746 1969 1823 aliorum
1991 1749 2117 1819 officiis
2138 1749 2205 1834 uti,
2310 1812 2315 1824 .

1213 1862 1303 1930 quae
1316 1853 1433 1910 tamen
1448 1846 1605 1916 modeste
1620 1848 1769 1937 petenda
1784 1861 1878 1922 sunt.
1918 1845 2015 1920 Mihi
2029 1852 2101 1920 sale
2115 1873 2205 1942 opus

1212 1951 1279 2023 est,
1313 1957 1346 2013 et
1380 1957 1419 2014 ut
1452 1969 1565 2016 massa
1588 1943 1680 2016 mibi
1712 1961 1868 2034 ematur,
1903 1952 2057 2041 pretium
2089 1954 2204 2022 mitto.

1212 2038 1352 2129 Quaeso
1376 2043 1415 2114 in
1437 2070 1475 2116 ea
1500 2070 1556 2132 rc,
1580 2062 1621 2120 ut
1642 2072 1786 2138 operam
1810 2062 1906 2119 tuam
1929 2048 2018 2122 mibi
2039 2067 2203 2146 praestes,

1211 2166 1324 2229 emas,
1349 2159 1384 2216 et
1396 2141 1481 2217 huie
1498 2151 1639 2240 aurigae
1655 2147 1725 2220 huc
1743 2146 2038 2224 transvehendum
2054 2179 2202 2223 massam

1210 2238 1337 2317 tradas.
1389 2242 1426 2316 Ο
1449 2272 1512 2319 vos
1534 2253 1672 2336 beatos,
1697 2251 1849 2344 quinon
1872 2255 1980 2324 salem
1996 2257 2202 2341 candidum,

1209 2347 1267 2414 sed
1292 2347 1491 2417 doctrinam
1513 2353 1618 2422 etiam
1647 2353 1890 2423 candidiorem
1913 2350 2070 2442 habetis,
2094 2382 2201 2451 quam

1208 2447 1349 2539 qualem
1367 2448 1516 2537 gignunt
1532 2451 1669 2546 Synodi
1687 2452 1844 2538 Italicae,
1869 2480 1959 2548 quae
1976 2471 2048 2526 tam
2065 2458 2200 2528 insulsa

1208 2548 1345 2617 decreta
1369 2550 1560 2622 ediderunt
1582 2555 1627 2623 de
1642 2555 1882 2644 poenitentia,
1909 2582 2062 2649 quorum
2085 2559 2202 2628 mani-

1206 2649 1292 2718 festa
1308 2661 1360 2718 est
1376 2651 1587 2727 absurditas.
1638 2655 1737 2724 Deus
1753 2656 1856 2726 nobis
1870 2655 2029 2729 Salinam
2047 2674 2081 2730 et
2092 2661 2199 2729 salem

1206 2750 1390 2820 coelestem
1406 2770 1536 2836 servet,
1563 2750 1631 2824 hoc
1645 2772 1697 2827 est
1712 2760 1930 2842 doctrinam,
1955 2783 1996 2828 ac
2021 2779 2144 2831 verum
2166 2774 2202 2832 et

1205 2850 1450 2941 incorruptum
1470 2855 1653 2927 iudicium.
1695 2855 1803 2927 Mitto
1819 2857 1887 2927 tibi
1903 2861 2119 2944 orationem,
2137 2887 2199 2933 cu·

1205 2951 1261 3021 ius
1276 2953 1462 3022 lectionem
1478 2978 1580 3045 spero
1597 2956 1664 3025 tibi
1680 2980 1753 3026 non
1770 2957 1953 3029 insuavem
1967 2962 2055 3043 fore.
2096 2961 2137 3031 B.
2154 2961 2198 3036 V.

1204 3064 1240 3122 et
1253 3053 1416 3127 rescribe.
1468 3054 1627 3126 Salutem
1644 3072 1728 3147 opto
1743 3059 1821 3130 viro
1836 3060 1968 3134 clariss.
1984 3062 2027 3132 D.
2045 3055 2198 3133 Chilio-

1204 3175 1270 3234 no,
1297 3168 1331 3224 et
1346 3168 1385 3224 ut
1400 3156 1493 3226 filiae
1509 3159 1691 3255 connubio
1707 3155 1805 3230 Deus
1818 3161 1929 3243 adsit,
1946 3173 2023 3233 toto
2037 3188 2118 3236 eum
2135 3189 2197 3258 pe·

1202 3268 1299 3326 ctore
1313 3280 1390 3331 oro.
1439 3256 1508 3328 Die
1527 3256 1586 3332 17.
1602 3259 1707 3335 Febr.
1725 3261 1787 3338 48.

1201 3651 1267 3729 No.
1283 3650 1398 3733 4166.

1200 3751 1372 3779 m

1589 3858 1838 3946 Studiosis.

1272 4033 1379 4106 Scripta
1392 4032 1468 4105 post.
1482 4029 1609 4092 Witteb.
1622 4035 1644 4092 l.
1655 4055 1684 4110 p.
1697 4038 1805 4112 sosaq.

1275 4179 1534 4285 Philippus
1559 4184 1848 4267 Melantdon
1876 4192 2121 4295 (Studiosis).

1201 4312 1330 4405 Hodie
1351 4361 1425 4407 non
1448 4338 1583 4430 legam,
1616 4345 1677 4414 sed
1704 4369 1781 4416 cras
1804 4343 1881 4417 Deo
1904 4347 2049 4420 iuvante
2071 4374 2194 4422 rursm

1184 4440 1372 4511 enarrabo
1397 4439 1598 4513 Sententiae
1621 4444 1833 4522 Salomonis.
1884 4445 2025 4520 Deinde
2045 4453 2103 4522 die
2116 4451 2193 4524 Lu-

1200 4560 1267 4609 nae
1292 4534 1380 4610 hora
1406 4566 1500 4614 nona
1528 4546 1870 4636 praelectumssum.
1928 4548 2018 4620 Nam
2050 4556 2192 4646 prandii

1160 4680 1165 4685 ·
1200 4636 1324 4711 horam
1349 4642 1581 4716 differendam
1608 4671 1699 4729 esse,
1726 4664 1760 4720 et
1776 4649 1940 4720 Lectores
1953 4666 1986 4722 et
2002 4653 2190 4727 Senatores

1200 4758 1433 4830 censuerunt,
1465 4749 1548 4840 quia
1571 4751 1698 4820 studiis
1726 4764 1761 4822 et
1784 4754 1979 4843 precationi
2000 4759 2192 4828 antemeri-

1199 4844 1305 4914 diana
1328 4858 1483 4938 tempora
1508 4850 1619 4940 magis
1642 4852 1766 4924 idonea
1790 4867 1883 4924 sunt.
1939 4852 1988 4927 Et
2011 4873 2144 4930 veteres
2168 4885 2189 4930 a

1198 4947 1382 5016 matutinis
1403 4950 1554 5038 negotiis
1577 4952 1668 5023 circa
1690 4956 1874 5025 meridiem
1890 4958 1933 5025 ad
1951 4960 2188 5049 precationem

1196 5049 1374 5139 publicam
1401 5053 1677 5139 conveniebant,
1710 5071 1751 5128 ut
1777 5052 1947 5150 Iosephus
1974 5062 2017 5129 de
2045 5057 2187 5133 Essaeis

1196 5149 1329 5223 scribit.
1380 5146 1433 5221 Ac
1454 5177 1553 5222 mora
1575 5148 1661 5226 haec
1681 5159 1952 5234 convenientior
1967 5173 2019 5230 est
2034 5185 2188 5234 oecono-

1195 5251 1296 5321 micis
1310 5252 1427 5345 operis
1444 5254 1482 5324 in
1498 5255 1638 5330 culinis.
