4748 6022
47 293 51 300 ’
158 262 238 349 '12⁸
746 244 1190 326 EPISTOLARUM
1239 242 1349 328 ms.
1378 248 1437 328 X.-
1479 243 1616 323 154⁷.
2150 230 2232 306 'm

185 431 393 533 Georgio
417 421 666 512 Fabricio,
686 420 933 520 ¹gubernanti
954 414 1134 495 Scholam
1214 433 1399 495 conantur.
1459 417 1537 494 Deo
1557 417 1667 509 igitur
1689 393 1888 486 Ecclesiam
1911 406 2235 524 commendemus

481 560 483 565 ’
569 523 762 603 Misnsns.
1214 522 1288 595 Nos
1311 522 1480 614 explicate
1495 535 1530 592 et
1546 543 1627 591 vere
1651 516 1918 608 respondimus,
1941 526 1984 583 ut
2003 512 2091 603 ipse
2113 532 2234 579 amm-

166 674 213 769 S·
239 686 286 761 D·
334 677 551 755 charissime
564 677 723 752 Fabrici.
772 670 871 750 Mihi
893 675 997 746 crede
1019 670 1164 744 verissi-
1215 628 1389 699 advertes.
1447 622 1544 694 Bene
1568 623 1657 693 vale.
1711 617 1780 690 Die
1804 616 1863 686 10.
1886 615 2024 686 Novbr.
2050 711 2100 786 P·
2126 709 2185 781 Μ

167 813 225 859 me
248 783 460 869 affirmanti,
485 783 515 854 si
536 795 571 853 et
587 776 737 854 Scholae
758 792 913 862 vestrae,
938 789 973 847 et
986 771 1165 847 Ecclesia-

126 892 132 901 “
168 913 249 962 rum
271 888 311 958 in
330 882 390 956 his
411 883 617 976 regionibus
634 879 885 975 tranquillitati
902 879 1068 970 prodesse
1082 897 1166 969 pos-

171 1012 262 1074 sem,
290 1009 515 1080 nequaquam
536 1008 594 1054 mc
616 985 821 1055 defuturum
843 980 959 1050 officio
978 1002 1058 1048 meo
1073 979 1113 1046 in
1128 999 1167 1047 re

171 1104 281 1163 tanta.
329 1084 379 1159 Et
394 1110 497 1180 saepe
512 1087 661 1157 laetatus
676 1108 775 1168 sum,
797 1080 990 1152 mediocria
1005 1101 1077 1148 esse
1092 1091 1168 1150 stu·
1218 1067 1286 1141 No·
1301 1063 1414 1140 4068·
2069 1068 2136 1130 10.
2152 1057 2233 1124 Nor.

138 1221 141 1225 ¹
172 1192 231 1281 dia
255 1189 438 1261 doctrinae
459 1189 500 1258 in
523 1183 582 1257 his
600 1185 825 1276 regionibus,
848 1205 940 1276 quae
954 1180 1099 1274 quidem
1110 1179 1169 1247 in-
1225 1162 1398 1196 „
1686 1245 1693 1262 ‚
2044 1151 2228 1184 Μ

174 1292 279 1384 genio
299 1305 362 1361 tuo
379 1291 557 1383 praeclare
573 1300 699 1357 ornata
710 1298 812 1367 sunt,
837 1297 872 1354 et
886 1283 1007 1353 Deum
1022 1303 1106 1365 oro,
1128 1292 1169 1349 ut
1634 1240 1833 1333 Eadem„

175 1393 239 1464 diu
261 1393 423 1464 floreant.
474 1388 547 1461 Sed
566 1401 705 1473 metuo,
729 1409 805 1457 non
820 1397 913 1455 astra
928 1395 1086 1467 tantum,
1108 1380 1169 1448 sed
1289 1397 1433 1470 †1tmss
1445 1393 1584 1452 Mnesteris
1604 1393 1798 1466 tumuipsum
1817 1390 1847 1445 in
1865 1390 2025 1447 eouecteu.
2040 1388 2230 1449 bullencurte.

175 1493 282 1565 etiam
313 1485 504 1563 hominum
533 1490 705 1581 impetus,
743 1489 789 1557 de
820 1485 951 1583 quibus
982 1507 1056 1552 non
1081 1481 1170 1552 libet
1327 1465 1390 1521 V⁰¹·
1404 1465 1425 1522 ¹·
1444 1486 1471 1536 e·
1484 1464 1528 1519 ⁶¹·

177 1594 381 1709 mihera·
484 1690 533 1708 ..
819 1685 827 1704 ,
911 1682 920 1703 .
1035 1685 1045 1703 ,
1158 1620 1287 1697 ‘Ad
1300 1616 1638 1695 'Matthesium
1674 1616 1717 1690 de
1748 1617 1995 1690 controversia
2031 1614 2230 1686 matrimo-

279 1690 441 1762 Gratram
468 1691 534 1760 t1b1
556 1685 670 1760 habeo
692 1692 736 1759 de
755 1681 917 1784 Mecyllc
938 1709 1112 1769 carmine,
1136 1695 1170 1753 et
1349 1722 1450 1796 mh·
1472 1718 1696 1818 (cuiusdam)
1722 1744 1768 1792 ,x
1790 1714 1924 1819 „ppido
1947 1714 2100 1789 Tago„

177 1794 333 1864 vicissim
354 1792 457 1861 mitto
480 1791 633 1882 pagellas
649 1791 693 1859 de
709 1786 844 1882 Eclipsi
857 1784 896 1884 ¹⁵)
919 1803 998 1881 post
1020 1788 1170 1858 biduum

177 1896 308 1968 futura.
358 1888 643 1963 Oremusautem
656 1885 788 1975 Deum,
812 1888 1043 1961 Conditorem
1058 1900 1173 1956 astro·
1225 1861 1415 1969 Quispiam
1430 1873 1570 1963 iuvenis
1584 1898 1625 1942 ex
1639 1872 1825 1943 nobilitate
1838 1864 2037 1941 Bobemica
2055 1871 2232 1941 duxitvi-

179 2020 281 2080 rum,
306 2006 349 2063 ut
370 1991 482 2062 leniat
504 1991 615 2076 mala,
649 2015 739 2084 quae
756 1992 975 2083 impendent.
1024 1986 1122 2057 Bene
1138 2001 1174 2058 et
1223 1981 1331 2048 duam
1355 1976 1600 2059 iuvenculam,
1631 1998 1723 2068 quae
1745 1973 1876 2041 deinde
1897 1971 2093 2064 aliquoties
2112 1996 2134 2041 a
2154 1973 2229 2043 viro

178 2096 328 2167 feliciter
342 2094 438 2175 vale,
465 2086 670 2163 charissime
685 2106 720 2163 et
733 2092 933 2164 doctissime
950 2088 1106 2163 Fabrici.
1225 2078 1399 2162 discessit,
1425 2078 1486 2146 sed
1509 2076 1712 2147 assiduitate
1735 2074 1887 2167 quadam
1906 2072 2071 2142 officiosa
2084 2073 2159 2144 viri
2175 2099 2231 2144 re·

1225 2193 1346 2277 vocata
1376 2179 1482 2249 rediit
1505 2178 1549 2246 ad
1574 2200 1666 2249 eum.
1718 2174 1791 2245 Nec
1814 2189 1930 2245 tamen
1956 2174 2030 2244 fuit
2053 2176 2230 2246 diuturna

1225 2281 1426 2351 concordia.
1459 2278 1621 2347 Tandem
1639 2277 1748 2365 igitur
1761 2297 1904 2368 prorsus
1920 2275 2085 2346 discessit
2099 2299 2122 2346 a
2138 2278 2230 2360 viro,

1226 2395 1261 2451 et
1282 2380 1468 2450 calumniis
1489 2379 1562 2447 suis
1575 2377 1710 2458 effecit,
1736 2391 1777 2446 ut
1789 2376 1844 2444 vir
1861 2375 1901 2443 in
1915 2400 2092 2446 carcerem
2108 2379 2228 2447 conii-

191 2462 258 2532 ΝΟ·
269 2459 384 2535 4⁰⁶7·
1018 2465 1173 2586 ¹Q'
1226 2495 1382 2600 seretur,
1402 2482 1543 2598 iamque
1558 2480 1692 2595 abacta
1710 2479 1788 2547 viro
1806 2477 1920 2546 anno's
1933 2479 2142 2595 dupdecim,
2162 2480 2226 2546 in-

500 2639 567 2726 10·
591 2641 854 2731 Mestleta
1227 2581 2215 2769 llll{ltlltltlttll‘ltltillem·

271 2799 350 2873 i&
364 2797 516 2857 ⁰⁰1¹⁸⁶l⁸⁰·
528 2796 659 2856 Ballene.
676 2798 776 2862 vett.
792 2819 820 2879 p·
836 2800 883 2856 6⁵·
1328 2797 1490 2868 Primum
1516 2807 1636 2886 pastor
1656 2795 1698 2865 in
1719 2794 1870 2886 oppido,
1902 2793 1966 2863 ubi
1989 2791 2045 2861 vir
2068 2793 2223 2863 domici-

430 2952 457 3027 Ι
491 2950 529 3026 h
634 2954 643 2972 .
665 2952 721 3028 M
800 2952 826 3027 h
894 2957 902 2975 .
1025 2920 1030 2927 “
1227 2901 1316 2993 lium
1331 2895 1456 2981 habet,
1480 2895 1684 2966 citationem
1701 2898 1746 2965 ad
1761 2894 1883 2963 valvas
1897 2894 2021 2986 templi
2035 2911 2223 2988 proponat,

464 2979 484 3027 ⁰
527 2980 640 3027 ‘'m''
721 2966 794 3028 θη
836 2980 930 3030 ‘⁸³⁰
1227 3023 1298 3096 qua
1320 2998 1507 3069 mulierem
1529 2998 1628 3066 illam
1650 3020 1746 3067 ream
1766 2998 1811 3064 ad
1834 3010 1970 3067 certum
1991 2997 2090 3066 diem
2112 3010 2221 3070 vocet

180 3086 224 3176 S.
247 3100 294 3177 D.
344 3100 473 3175 Multis
499 3104 617 3174 modis
644 3103 764 3179 iacent
782 3099 962 3175 Ecclesiae
989 3121 1177 3193 oppressae
1226 3102 1313 3174 Sive
1334 3113 1451 3170 autem
1477 3099 1634 3183 venerit,
1657 3097 1731 3167 sive
1752 3122 1826 3168 uon
1843 3096 1982 3196 venerit
1997 3097 2151 3182 mulier,
2175 3099 2222 3168 sie

182 3205 425 3296 episcoporum
459 3218 494 3274 et
526 3227 650 3295 regum
684 3205 884 3299 tyrannide.
936 3200 1087 3274 Etiamsi
1108 3223 1176 3271 nos
1225 3204 1393 3295 procedat
1408 3213 1527 3294 pastor
1543 3213 1577 3269 et
1591 3201 1680 3269 serat
1697 3198 1919 3275 sententiam.
1966 3196 2008 3269 Si
2024 3200 2160 3271 mulier
2175 3213 2223 3269 est

182 3304 408 3373 concedimus
436 3299 521 3374 huic
543 3306 642 3392 viro,
673 3307 720 3375 de
740 3331 813 3399 quo
832 3305 979 3392 scribis,
1008 3319 1050 3376 ut
1069 3306 1175 3374 ducat
1226 3306 1406 3383 adultera,
1437 3301 1604 3371 facillima
1628 3313 1680 3370 est
1701 3300 1887 3372 sententia.
1948 3303 2109 3373 Accusat
2130 3301 2220 3373 enim

163 3496 166 3503 ι
182 3402 288 3473 aliam
303 3403 489 3492 coniugem
502 3399 573 3475 hoc
587 3407 715 3477 ordine
724 3421 764 3477 ut
774 3408 1032 3499 respondimus,
1049 3428 1175 3499 quam-
1227 3431 1304 3477 eam
1321 3405 1468 3476 maritus
1483 3401 1672 3487 adulterii,
1694 3414 1728 3470 et
1741 3404 1839 3472 velut
1855 3401 1892 3468 in
1908 3424 1947 3470 re
1966 3403 2115 3474 notoria
2134 3402 2220 3473 rcci-

181 3502 237 3573 'vis
252 3498 281 3596 ¹)
307 3503 421 3575 multa
449 3503 703 3595 impedimenta
728 3521 931 3583 occurrunt.
999 3505 1080 3580 Rex
1099 3528 1175 3575 non
1226 3523 1278 3581 tet
1300 3504 1577 3577 familiaritatem
1601 3497 1842 3574 adulterorum
1859 3501 1916 3572 vel
1934 3514 2040 3573 testes
2058 3506 2221 3577 adducat.

179 3602 351 3696 patietur3
376 3603 601 3693 magistratus
621 3607 729 3676 vestri
744 3631 820 3676 non
834 3609 1040 3701 permittent
1056 3621 1176 3700 pasto-
1226 3608 1295 3695 Et,
1317 3609 1347 3679 si
1364 3621 1415 3679 est
1426 3607 1604 3692 adultera,
1627 3618 1749 3696 pastor
1760 3604 1988 3696 pronuntiet,
2008 3605 2135 3676 virum
2152 3628 2221 3676 esse

180 3705 284 3774 ribus
310 3704 410 3774 illam
438 3704 699 3796 cognitionem,
727 3709 882 3803 denique
904 3711 1037 3803 etipse
1055 3722 1174 3800 pastor
1225 3713 1379 3783 liberum
1403 3709 1448 3777 ab
1468 3704 1534 3777 hac
1556 3708 1704 3778 muliere
1726 3707 1903 3790 adultera,
1929 3719 1965 3775 et
1986 3708 2165 3777 concedat
2177 3705 2219 3792 ei,

182 3852 288 3879 ......
306 3827 405 3875 nunc
420 3807 582 3898 exemplo
596 3802 816 3885 abhorrebit.
863 3807 962 3881 Haec
976 3823 1047 3881 tam
1061 3812 1172 3879 multa
1225 3826 1269 3886 ut
1287 3812 1395 3882 aliam
1415 3804 1599 3880 honestam
1615 3807 1800 3898 coniugem
1813 3801 2008 3878 christiano
2020 3821 2061 3878 et
2080 3807 2218 3902 publico

89 3930 94 3935 ·
181 3905 435 3997 impedimenta
453 3908 581 3979 tollere
600 3933 669 3979 nos
690 3934 766 3981 non
788 3932 987 4002 possumus.
1036 3908 1120 3981 Ideo
1142 3910 1173 3978 si
1225 3914 1298 3985 ritu
1312 3913 1429 3984 ducat.
1477 3907 1549 3980 Sed
1566 3910 1597 3979 si
1608 3908 1707 3980 nulla
1719 3922 1777 3979 est
1785 3908 1953 3979 adulterii
1967 3909 2083 3994 fama,
2106 3923 2219 3981 mmcn

180 4006 293 4078 uultis
314 4007 370 4076 illi
389 4009 488 4078 bono
511 4010 590 4079 viro
612 4013 818 4098 consulere,
847 4013 1057 4097 deliberate,
1082 4033 1174 4105 quo-
1225 4013 1366 4098 citatio,
1389 4025 1430 4083 ut
1448 4010 1622 4096 diximus,
1648 4011 1850 4103 praecedat,
1872 4022 1913 4080 ut
1930 4010 2066 4079 mulier
2080 4032 2222 4102 compa-

181 4110 292 4178 modo
308 4131 368 4179 res
380 4109 598 4182 instituenda
610 4110 679 4196 sit,
702 4125 808 4206 teque
821 4114 930 4183 velim
946 4112 1084 4184 Pastori
1099 4113 1176 4184 eius
1224 4131 1300 4188 reat
1313 4115 1451 4185 dictura
1467 4135 1607 4204 causas,
1628 4135 1737 4205 quare
1751 4134 1825 4180 non
1841 4109 1928 4180 velit
1939 4112 2036 4201 apud
2052 4112 2225 4184 maritum

181 4207 253 4278 loci
268 4210 457 4282 consilium
471 4212 589 4294 dare,·
599 4234 750 4306 eumque
763 4208 912 4300 hortari,
934 4238 982 4283 ne
995 4215 1174 4285 dubitaret
1224 4219 1356 4291 vivere.
1406 4213 1446 4287 si
1461 4214 1572 4304 igitur
1583 4237 1657 4283 non
1672 4213 1830 4291 venerit,
1852 4225 1886 4281 et
1902 4234 1978 4280 non
1992 4211 2129 4283 dixerit
2142 4237 2225 4285 cau-

182 4332 385 4400 proponere
406 4314 623 4386 citationem.
687 4311 780 4384 Cum
804 4315 1075 4406 enimepiscopi
1099 4339 1173 4386 non
1224 4344 1279 4392 sas
1293 4317 1509 4411 probabiles,
1522 4315 1656 4385 scilicet
1670 4312 1838 4384 adulterii
1851 4311 2010 4397 vitigem
2023 4315 2225 4398 saevitiam,

181 4423 276 4478 recte
298 4426 479 4484 exerceant
496 4415 648 4502 iudicia,
670 4438 810 4484 necesse
826 4417 898 4498 est,
921 4405 1080 4507 pa'stores
1094 4417 1175 4509 pios
1223 4420 1467 4492 mandandum
1491 4429 1543 4487 est
1563 4415 1617 4500 ei,
1644 4428 1685 4484 ut
1705 4416 1751 4484 ad
1773 4417 1891 4484 virum
1906 4415 2045 4487 redeat.
2095 4413 2179 4486 Hoc
2192 4415 2224 4485 si

183 4509 408 4580 conscientiis
419 4536 524 4607 opem
540 4516 646 4586 serre.
868 4594 872 4603 ,
1222 4546 1299 4594 non
1319 4521 1453 4591 factura
1471 4531 1540 4601 est,
1565 4529 1606 4588 ut
1622 4515 1834 4586 coniicimus
1847 4518 1894 4584 de
1908 4515 1987 4583 viro
2003 4539 2084 4585 non
2101 4530 2156 4589 est
2169 4519 2223 4587 fa-

282 4606 355 4679 Sed
380 4616 586 4705 tyrannides
613 4615 785 4707 paulatim
804 4616 897 4699 fiunt
917 4616 1114 4688 acerbiores
1138 4631 1175 4688 et
1222 4647 1282 4693 ma
1297 4618 1465 4692 adulterii
1480 4628 1540 4687 aut
1553 4617 1734 4700 saevitiae,
1760 4630 1846 4686 tuuc
1862 4629 1982 4706 pastor
1998 4619 2226 4706 pronuntiet,

181 4708 493 4827 ‘⁰¹¹fifff‘ffliflfflb
506 4717 701 4811 &liquibffis
725 4718 947 4812 quipropter
959 4719 1174 4789 eruditionis
1221 4727 1341 4796 virum
1360 4723 1513 4792 liberum
1537 4741 1612 4787 esse
1635 4713 1771 4788 abbae
1790 4718 1945 4787 muliere
1960 4729 2141 4812 tanquam
2160 4721 2225 4790 de·

180 4821 216 4877 et
236 4812 431 4902 sapientiae
450 4816 656 4905 opinionem
680 4819 720 4887 in
740 4821 833 4890 aulis
846 4835 1012 4912 regnant,
1037 4821 1100 4914 qui
1113 4820 1176 4890 lu·
1221 4826 1386 4908 sertrice,
1413 4835 1448 4892 et
1471 4820 1644 4890 concedat
1661 4819 1743 4889 viro
1757 4821 1888 4890 ducere
1901 4816 2011 4889 aliam
2029 4814 2226 4893 houmtam

178 4931 255 4978 cem
273 4912 433 4985 veritatis
445 4916 597 4988 oderunt
612 4931 649 4990 et
662 4933 817 4992 veterem
831 4935 961 4995 statum
974 4923 1173 4994 instaurare
1220 4926 1408 5015 coniugem
1423 4918 1622 4994 christiano
1632 4935 1666 4993 et
1677 4921 1825 5013 publico
1837 4920 1926 4993 ritu.

184 5073 383 5097 ----
1198 5093 1201 5104 ·
1320 5057 1392 5132 Sed
1413 5058 1445 5127 si
1463 5079 1540 5125 non
1558 5055 1775 5152 comparebit
1795 5053 1945 5137 mulier,
1974 5052 2227 5127 uteristima·

207 5156 372 5231 ²quietatur
392 5161 598 5231 esseorum,
620 5163 779 5237 cmcigeri..
800 5170 869 5242 filli,
889 5173 1006 5246 romine
1017 5173 1123 5231 editum
1135 5173 1173 5229 δα
1218 5184 1320 5248 mus,
1347 5173 1467 5252 pastor
1493 5170 1613 5227 tamen
1632 5177 1734 5228 suam
1757 5155 1971 5226 sententiam
1985 5155 2102 5238 ieret,
2127 5157 2161 5227 si
2179 5159 2226 5229 de

235 5229 768 5368 3⁰0pr‘ggigussoffiiffpgfflgw
811 5238 1042 5369 ielfflnfffltl·
1055 5242 1171 5317 pustt.
1195 5264 1296 5355 ¹viro
1320 5286 1396 5332 non
1419 5273 1470 5330 cst
1491 5261 1587 5328 sama
1607 5258 1776 5329 adulterii
1786 5270 1846 5328 aut
1862 5255 2051 5342 saeuitiae,
2078 5271 2118 5329 et
2136 5281 2226 5351 pro-

203 5381 230 5448 s]
248 5380 361 5440 esctun
381 5393 492 5443 samem
1080 5402 1083 5408 ·
1135 5414 1138 5419 -
1217 5364 1418 5450 nuntiabit,
1439 5364 1560 5434 virum
1578 5358 1732 5432 liberum
1747 5382 1823 5430 esse
1838 5359 1888 5429 ab
1899 5353 1968 5428 bac
1982 5358 2144 5433 muliere
2159 5362 2225 5431 de-
