4748 6022
169 333 242 409 tto
749 324 1188 404 EPISTOLARUM
1246 325 1354 404 LlB.
1387 326 1434 405 X.
1488 323 1621 404 1547.
2130 334 2208 407 ets

171 514 217 582 ad
240 523 274 578 te
299 482 485 598 expatiari,
525 502 587 573 ubi
612 501 814 571 intellexero
838 514 872 571 te
893 496 1079 570 Erfordiae
1100 499 1167 569 ali·
1210 511 1295 588 opto
1309 497 1380 586 Dn.
1396 493 1580 569 Mitictio
1594 513 1629 570 et
1644 492 1854 584 Marcello,
1880 513 1914 570 et
1930 494 2076 570 Ioanni
2091 495 2211 571 Auri-

174 612 380 707 quantisper
400 612 701 675 commoraturum
718 627 802 672 esse.
852 600 1000 672 Pertexo
1016 601 1166 670 nuncin
1203 597 1335 697 fabro.
1385 599 1483 671 Bene
1499 604 1589 676 vale.
1639 601 1815 673 Postridie
1829 599 2085 674 Conversionis
2102 603 2211 675 Pauli

174 710 241 782 hac
261 708 454 780 solitudine
477 729 607 776 munus
630 705 789 774 debitum
812 717 874 772 tuo
887 704 981 782 lilio,
1008 703 1168 771 dialecti·
1215 697 1327 775 1547.
1478 790 1488 805 ὓ
2102 795 2105 799 ,

176 838 250 886 cen.
303 810 492 902 Speremus
518 808 613 875 enim
636 809 742 876 deum
766 818 987 874 servaturum
1010 828 1083 872 esse
1098 800 1168 872 Ec·
1722 800 1913 897 Philippus
1931 804 2158 883 Melanthon.

175 915 301 985 clesiae
316 925 350 981 et
366 909 607 979 doctrinarum
624 909 771 991 semina,
792 919 832 975 ut
845 905 948 976 toties
962 928 1031 973 vox
1046 906 1168 974 divina

174 1016 355 1108 promisit,
388 1033 523 1102 nosque
544 1033 647 1078 curae
670 1032 742 1077 esse
762 1006 838 1076 Deo
859 1031 934 1075 non
955 1008 1170 1090 dubitemus,
1220 1027 1668 1109 ···---“’ὲ--··

176 1120 234 1187 vel
257 1117 287 1185 si
308 1117 440 1184 fractus
463 1112 632 1179 illabatur
652 1111 760 1182 orbis.
811 1106 908 1176 Bene
932 1109 1021 1182 vale.
1072 1106 1169 1178 Deus
1510 1108 1514 1113 ’

176 1232 341 1288 aeternus
363 1228 463 1304 pater
479 1212 617 1280 domini
631 1212 745 1281 nostri
763 1207 843 1279 lesu
856 1205 991 1279 Christi
1005 1225 1120 1281 servet
1136 1224 1170 1279 te
1212 1167 1408 1294 Q·
2086 1177 2133 1256 0¹·
2153 1176 2196 1259 ¹·)

169 1333 211 1390 et
231 1315 419 1388 honestiss.
435 1313 621 1401 coniugem
642 1327 739 1384 tuam
755 1324 789 1381 et
802 1311 1024 1381 dulcissimos
1039 1312 1169 1381 liberos

176 1433 266 1494 tuos.
293 1415 375 1490 Vll.
388 1413 463 1488 Cal.
481 1413 586 1489 Febr.
1560 1373 1623 1460 10.
1645 1372 1865 1460 Marcello.

831 1511 926 1590 Phil·
944 1509 1120 1585 Melanlh·
1283 1548 1306 1617 †
1324 1547 1361 1600 Ex
1378 1546 1532 1619 apographo
1550 1547 1613 1602 cod.
1626 1547 1711 1600 Goth.
1727 1547 1787 1601 t9t.
1807 1567 1834 1619 p.
1848 1545 1916 1600 77b.
1952 1547 2049 1603 Eadem
2063 1548 2087 1603 le
2105 1549 2161 1604 'tur
2174 1550 2206 1605 in

1314 1618 1396 1757 popl32¹
1398 1616 1485 1674 Goth.
1503 1617 1564 1671 tot.
1584 1634 1611 1687 p.
1627 1616 1711 1672 trab.
1729 1616 1800 1670 etin
1819 1616 1881 1671 cod.
1898 1616 2010 1673 Monac.
2022 1615 2065 1670 89.
2109 1638 2136 1673 o.
2152 1618 2203 1674 vt.

176 1882 244 1956 No.
259 1885 371 1955 stat.
1031 1871 1171 1956 πλείη.
1482 1834 1658 1909 loanni
1680 1832 1932 1912 Marcello.

181 1981 394 2018 m
825 1997 827 2000 ’
1034 1983 1171 2010 Μ
1216 1965 1257 2056 S.
1285 1985 1330 2060 D.
1369 1984 1572 2057 Clarissima
1586 1983 1615 2080 ¹)
1633 1985 1814 2058 Marcelle.
1857 1979 2020 2080 Πέμψον
2031 2010 2097 2077 μοι
2111 1982 2208 2060 ὑπο-

542 2065 594 2153 G.
621 2071 803 2155 Maiori.
1214 2081 1394 2182 μνήματα
1425 2093 1494 2160 τοῦ
1518 2084 1682 2182 Βοητίου
1699 2085 1729 2177 ²)
1755 2088 1805 2167 alr
1829 2079 1959 2157 τόπικα
1985 2090 2206 2181 Κικερῶνος.

329 2230 414 2303 Epist.
426 2229 516 2287 titiv,
536 2250 563 2303 p.
578 2229 630 2285 852
643 2252 683 2304 sq.
1210 2186 1409 2286 Ὀφέλιμον
1430 2186 1505 2286 γὰρ
1527 2196 1656 2282 τεῦχος
1675 2194 1722 2282 τῇ
1742 2183 1912 2282 ἐκκλησίᾳ
1936 2183 2167 2263 διαλεκτικὸν
2181 2188 2208 2287 ³)

1215 2285 1498 2387 παρασκευάζω,
1522 2289 1586 2364 καὶ
1599 2286 1725 2385 πρέπει
1739 2285 1839 2384 ὑμᾶς
1853 2288 1884 2386 ⁴)
1902 2288 2064 2384 βοηθεῖν
2080 2299 2209 2367 τοιαῦ-

177 2383 378 2483 Gcorgr'o
403 2383 609 2474 Maiori,
645 2384 954 2483 (Magdeburgae
977 2386 1167 2479 versanti.)
1214 2420 1262 2466 τα
1279 2388 1583 2487 σπογὸάζογτιὸ).
1627 2391 1809 2487 Ἔῤῥωσο.

175 2516 221 2606 S.
247 2534 294 2610 D.
344 2535 540 2606 Laudanda
571 2551 622 2607 est
652 2539 840 2628 prudentia
870 2539 909 2606 in
934 2541 1169 2628 gubernatore
1959 2490 2026 2565 Ph·
2050 2494 2104 2569 M·
2191 2576 2196 2586 ·

174 2640 296 2719 navis,
327 2638 484 2730 quinon
504 2640 647 2728 navigat
668 2641 780 2709 foedis
802 2642 1085 2731 tempestatibus,
1109 2656 1170 2712 aut

175 2765 256 2811 cum
280 2740 380 2829 signa
405 2754 488 2810 sunt
510 2741 663 2810 illustria
683 2742 807 2811 foedae
822 2744 1047 2834 tempestatis.
1098 2741 1167 2813 Sed

59 2866 63 2874 ·
173 2856 294 2913 tamen
315 2842 377 2909 ille
398 2843 473 2934 ipse
488 2856 610 2912 cautus
626 2844 841 2931 gubernator
863 2845 1056 2937 tranquillo
1079 2845 1168 2913 mari
1213 2871 1280 2944 No·
1295 2869 1407 2946 5725,

175 2943 336 3032 navigat,
358 2956 392 3012 et
406 2944 482 3029 scit,
506 2945 638 3013 exoriri
651 2945 831 3014 interdum
846 2947 965 3016 subito
981 2959 1168 3036 tempesta·
1214 2968 1425 2999 Μ’

92 3061 95 3067 “
173 3059 225 3117 tes
240 3045 470 3130 saevissimas,
493 3071 583 3139 quae
598 3046 753 3137 prospici
768 3070 842 3115 non
858 3061 1061 3139 potuerunt.
1094 3046 1167 3117 Ta·
1584 3067 1634 3159 G·
1665 3071 1846 3157 Maiori·

172 3147 217 3241 lis
239 3149 496 3238 propemodum
520 3161 592 3219 tota
618 3149 689 3219 vita
706 3160 774 3233 est,
799 3148 903 3220 etiam
921 3175 1001 3221 cum
1018 3174 1056 3221 ea
1072 3150 1168 3241 peri-

173 3249 270 3333 cula,
294 3273 385 3342 quae
401 3249 496 3318 cerni
512 3246 667 3320 humana
682 3251 868 3341 prudentia
885 3265 1051 3342 possunt,
1076 3253 1166 3320 vita-

172 3348 305 3417 vimus:
331 3362 449 3418 tamen
471 3351 539 3420 alia
560 3353 717 3421 accidere
731 3368 896 3442 possunt,
921 3379 1011 3446 quae
1026 3352 1166 3444 sapien-

172 3462 228 3519 ter
244 3448 388 3519 lerenda
403 3463 497 3522 sunt.
548 3450 748 3544 Sequemur
762 3455 869 3541 igitur
885 3455 923 3521 in
939 3455 1166 3525 deliberatio-

172 3540 282 3619 nibus
309 3550 464 3639 primum
487 3546 635 3621 honesta
659 3554 826 3638 consilia,
859 3556 988 3625 deinde
1009 3557 1165 3647 pericula
1210 3537 1257 3627 S·
1273 3553 1318 3629 D.
1339 3550 1554 3627 Charissime
1563 3549 1706 3641 Georgi.
1726 3548 1834 3618 Mitto
1849 3548 1913 3616 tibi
1931 3543 2213 3617 literasBaum-

171 3651 398 3722 mediocriter
426 3653 700 3744 prospiciamus,
734 3679 797 3723 nec
821 3657 941 3724 omnia
967 3658 1167 3748 praevideri
1209 3653 1398 3752 goetani,
1431 3680 1520 3750 quae
1540 3665 1730 3734 testantur,
1762 3648 1830 3719 tibi
1848 3647 2139 3716 deliberationem
2161 3652 2213 3722 de

170 3775 272 3843 posse
302 3753 514 3841 cogitemus,
554 3778 705 3847 cumque
735 3758 979 3844 statuerimus,
1019 3773 1166 3831 eventus
1210 3759 1420 3849 migratione
1450 3758 1488 3824 in
1514 3752 1667 3823 Patriam
1697 3744 1813 3820 adhuc
1842 3752 2013 3839 integram
2046 3772 2141 3833 esse,
2177 3753 2210 3822 si

124 3852 127 3858 ‘
170 3851 247 3924 Deo
272 3857 569 3924 commendemus.
635 3855 718 3925 Non
743 3858 827 3928 licet
850 3860 967 3930 deesse
988 3858 1167 3948 Ecclesiis,
1211 3881 1356 3955 quaeres
1371 3858 1438 3928 tibi
1453 3870 1488 3927 et
1502 3854 1623 3923 liberis
1636 3847 1831 3943 hospitium
1840 3851 2082 3944 tranquillius.
2104 3849 2210 3939 Nam,

171 3954 309 4025 etiamsi
325 3954 470 4024 Tuicici
495 3957 666 4027 exercitus
688 3984 810 4029 muros
833 3975 972 4031 nostros
988 3965 1166 4034 circunse-
1211 3976 1395 4055 postquam
1418 3952 1485 4026 hae
1509 3955 1671 4045 regiones
1685 3954 1782 4024 civili
1798 3979 1923 4023 cruore
1942 3952 2097 4043 pollutae
2113 3967 2209 4041 sunt,

170 4058 307 4130 derent.
337 4052 416 4146 Ego
431 4058 589 4151 utrisque
607 4060 655 4128 ita
670 4063 854 4152 respondi,
875 4061 1164 4156 Noribergensib.
1211 4088 1301 4159 quae
1321 4085 1400 4154 spes
1423 4072 1537 4152 potest
1561 4082 1634 4127 esse
1661 4057 1779 4149 pacis?
1829 4054 1878 4126 Et
1902 4070 2013 4126 errata
2036 4054 2207 4124 consilio-

171 4172 207 4229 et
220 4157 502 4243 Vratislavianis,
526 4173 566 4228 ut
581 4162 703 4229 omnia
719 4158 835 4233 adhuc
850 4165 916 4234 tibi
933 4167 1067 4255 integra
1083 4169 1165 4238 sint.
1211 4189 1290 4235 rum
1313 4167 1408 4255 apud
1434 4178 1575 4233 nostros
1595 4152 1847 4255 προσημασίαι
1864 4173 1945 4227 sunt
1960 4156 2058 4226 velut
2070 4168 2208 4248 tempe-

170 4257 273 4331 Potes
290 4261 399 4350 igitur
415 4255 545 4330 habere
560 4254 734 4356 δευτέρας
749 4261 963 4360 φροντίδας.
990 4267 1067 4358 Ego
1085 4269 1165 4363 qui-
1211 4281 1351 4339 statum.
1419 4264 1528 4336 Posse
1560 4276 1679 4332 autem
1711 4262 1894 4352 aliquanto
1929 4272 2009 4350 post
2033 4257 2207 4328 familiam

170 4359 251 4427 dem
266 4363 475 4432 anteferrem
492 4360 745 4452 Noribergam‚
769 4369 830 4435 sed
846 4370 913 4438 tibi
929 4394 1003 4438 non
1021 4372 1096 4441 lero
1113 4372 1166 4439 le·
1211 4364 1410 4449 transvehi,
1444 4363 1653 4438 ratioetnor
1710 4357 1860 4446 Vitam,
1887 4362 2016 4444 miror,
2043 4359 2207 4431 tamdiu

168 4481 247 4548 ges,
272 4475 307 4531 et
327 4465 497 4554 optarim,
531 4465 670 4535 consuli
692 4489 793 4557 posse
808 4465 976 4539 Ecclesiis
991 4470 1163 4545 Slesiacis.
1210 4474 1349 4553 abesse,
1384 4493 1464 4540 curn
1489 4466 1634 4560 quidem
1654 4459 1813 4553 Lipsiam
1836 4464 2007 4532 exercitus
2028 4456 2208 4531 Electoris

168 4558 265 4631 Deus
282 4578 379 4651 regat
394 4580 546 4637 mentem
560 4583 678 4651 tuam,
696 4581 737 4637 ut
754 4581 902 4651 statuas,
929 4573 1026 4664 quod
1040 4569 1165 4642 Eccle-
1209 4572 1412 4668 reliquerit,
1445 4590 1534 4662 quae
1561 4588 1616 4634 res
1638 4587 1802 4654 magnam
1818 4589 1939 4636 rursus
1955 4562 2039 4634 belli
2054 4586 2209 4634 conver·

168 4663 240 4734 siae
256 4664 289 4732 bt
306 4664 374 4733 tibi
390 4667 544 4739 faustum
560 4681 595 4738 et
610 4670 696 4738 felix
714 4670 792 4741 erit.
1209 4678 1345 4745 sionem
1368 4674 1503 4740 factura
1526 4679 1685 4757 putatur.
1733 4665 1844 4736 Brevi
1865 4669 1909 4737 ad
1932 4690 1994 4736 vos
2008 4687 2206 4739 excurram.

243 4763 352 4834 Mitto
372 4766 440 4836 tibi
455 4768 659 4841 fasciculum
676 4772 860 4842 literarum
875 4771 1034 4843 dandum
1049 4761 1163 4844 Chrt-
1207 4775 1249 4850 B.
1266 4775 1310 4850 V.
1360 4771 1428 4843 Die
1445 4770 1507 4844 29.
1526 4766 1601 4839 lan.

166 4862 292 4936 stiano
307 4859 499 4954 Pontuno,
526 4895 632 4963 quem
647 4872 726 4945 istic
741 4874 811 4943 iam
826 4897 899 4942 esse
914 4876 1080 4950 arbitror.
1727 4865 1915 4960 Philippus
1927 4861 2157 4939 Melanthon.

111 5057 118 5063 ³
240 4967 374 5039 Missus
395 4984 447 5041 est
468 4966 527 5040 hic
544 4971 731 5045 fasciculus
749 4972 1007 5068 exErphordia
1023 4979 1068 5048 ad
1084 4965 1162 5048 Ca·
1243 5015 1302 5024 ὐ-

163 5068 374 5145 moratium.
424 5070 516 5142 Nam
529 5074 665 5144 familia
678 5074 873 5148 Camerarii
889 5104 985 5150 nunc
998 5074 1161 5171 Erphor-
1241 5101 1268 5164 t)
1288 5097 1359 5154 cod.
1372 5098 1457 5153 Goth.
1472 5098 1534 5151 401.
1550 5096 1714 5150 cartsstme.

163 5171 242 5242 diae
268 5187 331 5246 est.
383 5172 605 5265 significabis
629 5190 745 5248 autem
763 5176 872 5266 mihi,
897 5205 944 5250 an
959 5177 1159 5253 exhibueris
1237 5180 1672 5252 200⁶·G01b·4⁰¹·1³⁰‘¹‘⁰v·

1311 3231 1397 3304 Epist.
1415 3229 1463 3286 lib.
1477 3232 1511 3286 V.
1528 3250 1556 3304 p.
1568 3229 1618 3285 8⁵1
1629 3250 1671 3302 sq.

1212 3400 1387 3499 Georgi
1394 3430 1416 3476 o
1442 3401 1644 3474 Maiori.
1684 3397 1993 3497 (Magdeburgae
2015 3398 2206 3492 versanti.)

161 5266 259 5347 bunc
272 5275 478 5347 fasciculum
495 5265 718 5349 Christiano
731 5264 921 5369 Poritano,
941 5283 999 5354 cui
1014 5284 1159 5378 quidem
1237 5271 1265 5344 8)
1285 5268 1355 5326 ⁰⁰⁸·
1368 5266 1452 5323 ⁶⁰¹³·
1466 5271 1527 5324 401.
1538 5261 1722 5332 tratrmxtr.

161 5389 196 5446 et
222 5377 310 5448 meis
343 5378 461 5450 verbis
488 5395 691 5452 reverenter
712 5384 861 5455 salutem
883 5385 989 5455 dices.
1046 5384 1156 5457 Mitto
1235 5357 1267 5514 ἒξ
1286 5343 2027 5504 :fflsfodng⁰:422,ssffssnffll'yiilfffloa.
2046 5424 2207 5486 eontra.

157 5477 226 5550 tibi
239 5479 405 5553 libellum
419 5506 541 5556 recens
558 5484 694 5557 editum
711 5484 958 5576 Witebergae.
997 5482 1157 5559 Salutem
1273 5508 1322 5574 ..5.
1338 5509 1436 5564 retra.
