4748 6022
211 209 283 283 127
349 227 352 231 .
757 157 759 163 ’
800 187 1241 289 urrsronaauu
1291 191 1469 274 rma
1523 193 1659 276 raas.
2030 259 2069 297 „
2167 210 2238 281 na

205 406 304 466 mur,
338 393 373 450 et
395 377 600 447 ardentibus
622 372 714 442 vo'tis
737 383 896 461 petamus
918 368 1052 451 aDeo,
1077 377 1117 436 ut
1131 383 1197 432 nos
1247 368 1361 457 frangi
1385 368 1533 455 animis,
1557 372 1619 440 sed
1640 370 1728 440 scire
1741 369 1954 460 Ecclesiam,
1980 402 2070 470 quae
2086 393 2138 449 est
2153 374 2240 449 bae·

205 497 318 571 ragat,
350 495 383 550 et
411 481 575 560 defendat
597 472 661 544 hos
681 473 850 564 parietes,
883 473 921 538 in
945 471 1073 562 quibus
1097 478 1199 535 sonat
1248 472 1376 539 reditas
1401 471 1467 539 filii
1483 468 1569 551 Dei,
1605 487 1782 542 aeternam
1806 476 1901 561 fore,
1934 481 2038 546 ctiam
2054 484 2240 552 ruentibus

207 590 386 654 decretum
408 603 575 649 arcanum
597 591 630 645 et
652 576 858 655 immotum,
884 574 980 664 quod
1003 569 1116 639 Filius
1142 568 1199 658 ip·
1249 571 1424 662 imperiis,
1456 587 1496 642 ut
1518 597 1596 642 arca
1616 573 1712 644 Noae
1736 579 1942 648 servabatur
1962 581 2095 648 etiamsi
2120 586 2241 653 omnia

206 689 295 764 sins,
323 683 506 752 crucifixus
529 702 593 769 pro
608 677 720 746 *nobis
741 689 774 744 et
790 675 1034 756 resuscitatus,
1059 695 1101 738 ex
1117 669 1199 737 sinu
1248 674 1403 741 aedificia
1429 679 1529 742 erant
1552 698 1662 744 mersa
1681 675 1720 744 in
1736 702 1854 769 aquas.
1907 678 2026 767 Quare
2043 707 2122 751 vcra
2139 688 2240 772 agni-

206 785 339 857 aeterni
362 782 472 872 patris
496 781 653 871 protulit.
705 776 839 860 Hodie,
872 779 967 867 quod
992 772 1145 841 faustum
1164 782 1199 838 et
1248 775 1298 843 tio
1326 788 1360 843 et
1381 776 1556 870 invocatio
1580 777 1763 847 retinenda
1786 794 1856 864 est,
1888 794 1923 849 et
1945 776 2156 871 sperandum
2177 803 2240 866 est,

207 889 290 956 felix
307 886 372 966 sit,
397 883 619 951 renuntiatus
636 904 671 948 es
687 879 823 966 collegii
841 877 953 945 nostri
969 873 1131 971 Decanus
1148 863 1199 964 *)‚
1249 876 1354 944 deum
1403 877 1522 968 aliqua
1561 873 1737 947 Ecclesiae
1783 881 1963 950 domicilia
2007 899 2241 973 servaturum,

207 1014 291 1058 curn
320 986 463 1078 quidem
490 983 656 1071 suffragia
679 1006 753 1049 non
779 981 817 1047 iu
841 991 927 1047 testa
949 976 1199 1054 scriberentur,
1249 979 1344 1068 quod
1386 978 1563 1045 facturum
1605 1003 1678 1047 non
1720 982 1857 1052 dubito.
1925 981 2001 1052 Hac
2035 999 2068 1053 te
2109 990 2243 1076 cogita-

142 1087 153 1113 *
208 1103 251 1160 ut
270 1089 376 1156 fiebat
393 1078 564 1169 Athenis,
595 1083 656 1152 sed
678 1083 795 1173 palam
810 1082 1006 1163 ferrentur,
1037 1089 1072 1146 et
1087 1072 1198 1144 nostri
1250 1079 1346 1147 tione
1369 1078 1480 1167 erigas
1502 1091 1537 1147 et
1558 1102 1693 1169 speres,
1722 1082 1761 1149 in
1784 1081 1968 1152 Pannonia
1992 1099 2126 1173 vestra,
2153 1115 2242 1182 quae

207 1189 367 1278 suffragii
397 1208 498 1256 causa
521 1185 746 1267 recitaretur,
779 1196 812 1251 te
833 1205 907 1250 non
931 1193 1070 1251 tantum
1093 1172 1200 1245 huius
1250 1180 1288 1247 in
1327 1181 1444 1248 medio
1479 1176 1645 1271 Europae
1682 1182 1746 1251 sita
1775 1207 1795 1250 a
1829 1185 1950 1254 multis
1986 1189 2149 1273 gentibus
2180 1216 2243 1282 ap-

209 1288 477 1371 Academiolae,
502 1289 559 1354 sed
587 1286 690 1354 etiam
710 1279 816 1353 huius
833 1283 941 1352 totius
956 1279 1076 1350 aetatis
1094 1302 1198 1346 orna-
1249 1281 1357 1373 petita
1383 1294 1452 1359 est,
1483 1281 1783 1373 aliquaspolitias
1804 1308 1985 1354 mansuras
2003 1313 2092 1373 esse,
2118 1306 2157 1360 ut
2177 1316 2242 1360 an·

209 1404 467 1462 mentumesse.
505 1386 599 1471 Scio,
625 1382 710 1453 haec
728 1400 846 1454 nostra
864 1383 993 1454 iudicia
1012 1392 1045 1448 et
1061 1392 1200 1447 nostrae
1251 1398 1303 1454 tea
1333 1405 1474 1473 quoque
1503 1382 1640 1455 accidit.
1697 1382 1779 1452 Non
1808 1399 1922 1475 potest
1953 1390 2071 1477 negari
2100 1416 2242 1481 magnas

209 1492 359 1563 Politiae
373 1482 565 1580 ἀξιώματα
581 1512 654 1557 non
669 1487 787 1575 magni
801 1487 909 1554 beria
924 1483 1110 1553 centauris.
1130 1478 1200 1548 Sed
1250 1484 1356 1552 fnisse
1374 1477 1671 1574 prophanationes
1686 1496 1719 1552 et
1734 1492 1852 1576 turpes
1868 1504 2032 1580 quaestus
2047 1492 2084 1558 in
2099 1496 2240 1585 templis

211 1609 330 1666 tamen
352 1615 418 1661 nos
435 1588 595 1682 Spartam
615 1601 772 1657 nostram
788 1601 822 1656 ct
837 1609 1011 1665 amemus,
1045 1597 1079 1652 et
1095 1602 1201 1649 orne-

212 1718 309 1774 mus,
337 1694 418 1786 qnia
445 1693 590 1775 scimus,
615 1714 692 1759 eam
715 1690 844 1758 servire
859 1685 1036 1757 Ecclesiae
1055 1682 1121 1752 Dei
1143 1704 1202 1748 ae-

211 1812 349 1879 ternae,
381 1795 491 1881 magis
514 1793 715 1885 aliquanto,
747 1814 853 1882 quam
876 1802 1121 1857 centaurorum
1145 1807 1201 1849 ar-

213 1923 291 1981 ma,
323 1919 411 1988 qnos
433 1908 551 1962 tamen
571 1918 645 1961 non
668 1905 869 1962 contemno.
928 1888 998 1959 Sed
1024 1889 1141 1955 locum
1165 1883 1202 1948 in

212 1997 372 2068 Politicis
393 1997 558 2085 gradibus
582 2008 741 2087 nostrum
763 2017 836 2061 non
855 1984 912 2079 **)
934 2012 1006 2056 esse
1024 1991 1142 2068 decet,
1169 1996 1202 2050 et

212 2102 340 2170 referre
358 2096 477 2165 omnia
496 2096 643 2164 consilia
657 2096 700 2163 ad
717 2092 832 2163 Deum
847 2091 1114 2170 celebrandum,
1140 2083 1203 2177 qui

213 2224 311 2272 suam
328 2200 455 2290 cuique
470 2198 656 2268 stationem
672 2195 845 2265 attribuit.
896 2190 989 2261 Cum
1002 2214 1081 2258 meo
1095 2190 1202 2255 fratrc

213 2325 396 2392 nunquam
422 2301 554 2368 rixatus
570 2321 659 2367 sum.
711 2295 815 2364 Nunc
831 2294 890 2361 ille
907 2288 996 2360 milri
1014 2303 1202 2365 succenset,

135 2430 136 2434 ¹
214 2405 311 2497 quod
336 2425 410 2469 non
434 2401 517 2466 veni
540 2400 578 2466 in
595 2397 743 2487 patriam
761 2407 904 2462 vocatus
920 2393 959 2460 in
976 2388 1202 2460 Academiam

213 2526 310 2573 meae
324 2501 456 2601 patriae
467 2490 556 2590 m).
581 2498 658 2567 ,sed
674 2496 792 2563 minus
808 2496 877 2562 mei
893 2492 1033 2562 consilii
1049 2516 1105 2559 me
1120 2513 1202 2581 poc-

213 2604 360 2686 nitebit,
384 2601 433 2683 si,
458 2613 498 2669 ut
513 2606 637 2690 spero,
659 2609 700 2666 tu
714 2597 899 2666 nobiscum
916 2590 974 2662 hic
991 2594 1071 2666 eris.
1107 2591 1203 2661 Bene

215 2707 304 2773 vale.
355 2700 500 2772 Calend.
515 2700 616 2770 Maii.

252 2789 259 2809 .
712 2794 903 2890 Philippus
928 2789 1153 2865 Melautbon.

1071 3175 1103 3233 2.
1120 3165 1205 3231 lllaii.

1072 3258 1201 3283 Μ

583 3350 593 3359 ³
640 3362 695 3449 N.
723 3361 778 3444 N.

285 3532 306 3594 l·
329 3523 540 3607 &apographo
560 3522 588 3576 in
608 3522 670 3577 cod.
685 3522 796 3602 Monac.
807 3520 853 3601 tib.
873 3537 900 3589 p.
913 3520 957 3583 17.
978 3551 1013 3561 -
1048 3486 1158 3589 Legitur
1177 3520 1205 3572 in

322 3597 390 3651 serie
407 3595 581 3664 epistolarum
601 3589 786 3669 Melantbonu
805 3590 933 3670 meod„
960 3597 986 3641 et
1006 3588 1132 3658 inscripta
1153 3593 1208 3641 est:

319 3665 399 3718 Atta.
434 3662 480 3716 Est
498 3672 587 3714 autem
606 3671 705 3726 scripta
723 3661 763 3709 ud
775 3657 906 3711 Nobilem
923 3661 1063 3726 quendum
1082 3661 1111 3710 r'u
1126 3656 1207 3709 Pon·

319 3735 417 3823 naara.

645 3879 697 3956 tv.
725 3851 776 3954 aa

213 4019 263 4109 S.
288 4034 334 4111 D.
385 4032 626 4124 illustrissime
657 4046 690 4101 et
713 4029 901 4119 Magnifice
923 4029 1089 4125 domine,¹
1119 4030 1207 4102 Exi-

217 4141 321 4210 stimo
346 4133 640 4226 magnificentiam
664 4145 760 4203 tuam
784 4146 825 4201 ut
844 4156 900 4200 me
923 4146 957 4201 et
972 4135 1060 4203 alios
1076 4138 1206 4205 multos

218 4242 257 4311 in
278 4235 346 4309 hac
361 4238 458 4309 'tristi
477 4235 686 4308 confusione
709 4234 805 4302 orbis
825 4248 1019 4320 terrarum,
1045 4237 1082 4304 iu
1099 4237 1206 4305 tantis

218 4341 334 4412 ruinis
354 4363 545 4429 regnorum
569 4350 605 4407 et
620 4336 849 4426 dissipatione
865 4337 1046 4424 gentium,
1078 4338 1115 4406 in
1131 4363 1211 4433 ma·⁸
1265 4371 1273 4381 -

218 4467 288 4535 gno
319 4442 440 4511 dolore
466 4464 559 4524 esse;
593 4439 684 4508 sicot
707 4438 875 4528 scriptum
900 4438 1012 4507 estin
1036 4435 1206 4530 propbeta

219 4542 330 4614 Osea:
363 4542 502 4610 dolores
524 4539 797 4632 parturientium
815 4553 985 4608 venturos
998 4562 1071 4608 esse
1084 4537 1208 4608 Eccle-

217 4649 298 4716 siae.
334 4639 413 4714 Etsi
429 4655 545 4712 autem
560 4642 633 4732 ipse
649 4641 809 4731 experior
823 4634 888 4708 hos
903 4640 1043 4708 dolores
1058 4653 1091 4709 et
1104 4641 1207 4709 valde

218 4738 352 4817 atroces
376 4758 411 4815 et
433 4766 533 4813 sevos
556 4766 648 4827 esse,
680 4757 797 4814 tamen
821 4738 917 4809 Deus
943 4763 1019 4808 non
1045 4743 1122 4811 vult
1142 4765 1208 4811 nos

217 4916 422 4934 Μ

253 5007 283 5076 *)
302 5005 444 5073 Stigetium
463 4999 527 5054 iude
546 5019 560 5052 a
598 4998 669 5051 rimo
690 4994 798 5053 drMaii
810 4993 952 5048 Beronum
965 4992 1070 5065 collegii
1087 4994 1208 5065 pbiloso-

287 5073 359 5145 pbici
380 5073 408 5126 in
421 5067 569 5125 Academia
611 5065 772 5137 itebergensi
793 5062 893 5125 fuisse,
916 5063 1076 5135 intelligitur
1095 5082 1125 5116 ex
1138 5065 1221 5119 scri-¹

287 5142 340 5216 ptis
352 5138 467 5211 publicis
485 5137 516 5191 T.
532 5138 556 5192 1.
576 5155 604 5206 p.
621 5137 671 5189 170
683 5151 743 5204 sqq.

254 5227 303 5296 **)
322 5229 410 5278 Danz.
425 5239 476 5275 uos
490 5239 540 5291 pro
553 5220 625 5280 uon.
649 5237 678 5269 er
694 5233 787 5269 errore
799 5216 967 5293 typographi.

253 5313 315 5381 m)
338 5310 490 5363 Videantur
509 5301 637 5373 epistolae
655 5299 689 5354 ad
703 5299 888 5355 Amrdorlium
902 5312 930 5356 et
943 5300 1083 5357 Collinum
1097 5314 1207 5357 exeunte

286 5380 387 5437 Martio
401 5374 466 5430 anni
480 5374 556 5427 rste.

1251 1585 1373 1653 multis
1401 1584 1543 1667 seculis,
1575 1597 1608 1652 et
1628 1586 1799 1658 accedunt
1823 1588 1890 1656 alia
1913 1604 2052 1678 peccata
2078 1596 2241 1664 omnium

1251 1687 1419 1756 ordinum
1449 1685 1582 1776 ubique
1611 1699 1797 1760 terrarum.
1865 1686 2104 1779 Agnoscamus
2135 1697 2244 1782 igitur

1252 1810 1447 1879 poenarum
1460 1808 1591 1869 causas,
1613 1788 1674 1855 sed
1689 1787 1796 1858 simul
1809 1792 2052 1881 confugiamus
2067 1798 2109 1862 ad
2126 1794 2242 1866 Deum

1251 1901 1431 1957 aeternum
1454 1900 1588 1988 patrem
1613 1888 1749 1956 domiui
1774 1896 1888 1960 nostri
1907 1891 1985 1962 lesu
2002 1892 2153 1979 Christi,
2178 1901 2242 1988 qui

1252 1987 1428 2077 mitigabit
1449 1988 1660 2058 calamitates
1683 1991 1843 2081 publicas
1856 1993 1899 2062 'et
1920 1997 2071 2086 privatas
2088 2023 2166 2066 vere
2185 2001 2243 2067 in·
2269 1994 2276 2000 ’
2335 2020 2340 2027 ’

1254 2089 1462 2178 vocantibus
1476 2113 1568 2172 eum,
1586 2090 1648 2182 qui
1663 2093 1860 2162 doctrinam
1878 2096 1920 2164 de
1935 2096 2007 2165 tilio
2022 2098 2077 2164 dei
2094 2099 2241 2168 domino
2334 2080 2339 2111 ἱ

1252 2206 1373 2260 nostro
1409 2188 1487 2259 lesu
1513 2184 1656 2261 Christo
1687 2206 1780 2262 recte
1806 2199 1956 2286 proponi
1985 2214 2120 2270 curant.
2183 2201 2244 2271 Sic

1252 2293 1347 2362 enim
1363 2292 1480 2383 inquit
1493 2291 1588 2361 filios
1604 2290 1687 2360 Dei:
1724 2291 1765 2363 Si
1782 2296 1862 2387 quis
1876 2299 1992 2387 diligit
2006 2324 2082 2383 me,
2108 2324 2241 2372 senno-

1252 2418 1334 2462 nem
1350 2415 1468 2460 menm
1485 2394 1649 2471 servabit,
1667 2407 1702 2462 et
1716 2409 1816 2486 pater
1832 2421 1929 2467 meus
1944 2401 2067 2488 diliget
2083 2426 2161 2470 eum
2180 2419 2243 2473 etc.

1252 2492 1332 2564 Erit
1365 2494 1473 2582 igitur
1506 2495 1726 2564 domicilium
1758 2497 1816 2566 dei
1841 2501 1905 2568 ubi
1929 2517 2022 2572 recte
2049 2517 2148 2571 sonat
2174 2531 2242 2573 vox

1252 2593 1451 2684 Evangelii.

1324 2696 1522 2807 'Compcri
1554 2710 1671 2767 autem
1703 2694 1801 2769 hunc
1835 2700 1950 2770 virum
1984 2701 2028 2777 D.
2054 2699 2242 2775 Allienum

1254 2798 1389 2887 egregia
1410 2798 1580 2867 modestia
1603 2801 1759 2868 inomni
1779 2822 1904 2889 genere
1922 2806 2029 2874 officii
2045 2809 2244 2897 praeditum

1255 2923 1346 2978 esse,
1379 2899 1474 2968 etin
1497 2901 1660 2970 doctrina
1683 2896 1854 2971 catholica
1874 2901 2051 2976 Ecclesiae
2075 2911 2131 2977 dei
2152 2925 2244 2979 recte

1164 3029 1169 3037 ·
1255 3000 1468 3072 institutum.
1525 2997 1610 3070 Ideo
1638 3025 1719 3076 eum
1742 3005 2023 3093 magnificentiae
2044 3002 2124 3079 tuae
2148 3036 2246 3080 com-

1255 3103 1403 3221 mendo,
1436 3101 1494 3170 cui
1516 3102 1628 3171 sicubi
1647 3102 1753 3187 ,locus
1774 3105 1925 3176 docendi
1953 3112 2111 3196 dabitur,
2142 3135 2245 3203 spero

1256 3226 1331 3273 erus
1352 3225 1473 3271 vocem
1492 3226 1548 3291 pre
1563 3218 1835 3275 monstraturam
1853 3235 1971 3279 veram
1989 3214 2247 3284 invocationem

1255 3305 1313 3374 dci
1348 3317 1382 3372 et
1415 3304 1577 3373 omnium
1610 3306 1780 3377 virtutum
1816 3315 2088 3382 necessariarum
2122 3318 2246 3389 officia.

1256 3404 1339 3481 ldco
1361 3419 1488 3492 orout
1511 3430 1591 3475 eum
1607 3406 1659 3479 M.
1676 3423 1790 3477 vestra
1812 3421 1979 3503 tanquam
2005 3417 2102 3504 pium
2118 3431 2151 3485 et
2167 3444 2246 3485 mo-

1256 3513 1394 3578 destum
1407 3507 1523 3576 virum
1540 3520 1698 3577 amanter
1713 3510 1975 3596 complectetur.
2010 3513 2107 3582 Bene
2123 3530 2156 3585 et
2170 3519 2245 3586 soe-

1255 3610 1370 3679 liciter
1385 3609 1499 3678 valeat
1513 3607 1567 3676 M.
1582 3621 1707 3678 vestra.
1759 3604 1827 3675 Die
1842 3612 1876 3682 Ξ.
1894 3612 1982 3680 Maii
2003 3613 2109 3686 1546.

1271 3831 1365 3839 .-—--

1269 3959 1335 4041 No.
1351 3965 1461 4037 3457.

1265 4065 1477 4098 Μ

2101 3987 2131 4046 6·
2147 3979 2231 4043 tllaii.

2019 4060 2026 4070 '
2083 4073 2243 4097 Μ

2128 4122 2135 4134 .

1563 4166 1615 4254 G.
1644 4107 1951 4255 Buclcbolzero.

1358 4328 1454 4384 Manlii
1473 4331 1574 4404 sarug.
1592 4351 1620 4404 p.
1635 4333 1697 4388 278.

1263 4482 1485 4563 Venerando
1510 4486 1606 4571 ciro,
1633 4483 1811 4582 Georgi
1818 4511 1856 4570 o,
1890 4495 2099 4588 praeposito
2118 4494 2212 4569 Ercl
2228 4541 2246 4552 -

1258 4586 1337 4660 siae
1350 4586 1431 4659 Dei
1443 4590 1483 4658 iu
1498 4585 1584 4659 urhe
1596 4587 1732 4661 Arctoa
1748 4585 1805 4659 ud
1817 4587 2010 4688 Spraeom,
2036 4599 2152 4668 antico
2169 4625 2248 4684 suo,
2352 4660 2355 4665 .

1258 4714 1304 4807 S.
1329 4735 1373 4810 D.
1427 4735 1635 4806 venerande
1661 4737 1805 4808 dortiine
1830 4737 1981 4832 Georgi:
2023 4708 2248 4838 Adolescens,

1260 4839 1322 4930 qui
1337 4839 1455 4908 literas
1469 4850 1602 4907 vestras
1617 4852 1652 4909 et
1665 4841 1776 4931 pisces
1790 4844 1918 4928 attulit,
1935 4847 2142 4935 promiserat
2158 4850 2248 4921 mihi

1260 4963 1296 5010 se
1319 4940 1364 5007 ad
1386 4961 1441 5005 me
1462 4939 1661 5010 rediturum
1679 4966 1750 5012 esse
1766 4946 1954 5034 postridie,
1979 4960 2019 5015 ut
2036 4944 2247 5037 petiveram:

1259 5064 1300 5110 as
1320 5040 1477 5108 dixeram
1497 5066 1553 5109 me
1578 5066 1827 5133 responsurum
1853 5070 1939 5117 esse:
1966 5051 2025 5119 sed
2044 5074 2116 5119 non
2133 5057 2248 5128 rediit.
2318 5040 2321 5045 ’

1259 5140 1363 5212 Nunc
1385 5140 1494 5228 igitur
1514 5165 1593 5213 sero
1617 5149 1824 5235 respondeo.
1877 5148 1946 5217 Sed
1971 5162 2088 5219 tamen
2112 5177 2248 5247 semper

1259 5244 1351 5334 apud
1372 5267 1426 5310 me
1443 5244 1709 5314 benevolentiae
1727 5261 1859 5315 vestrae
1878 5253 2047 5334 memoria
2065 5257 2187 5336 durat,
2216 5276 2251 5330 et

1258 5358 1377 5414 manet
1397 5369 1435 5415 ac
1456 5369 1620 5417 mansura
1645 5360 1695 5417 est
1712 5348 1874 5419 amicitia.
1925 5350 1994 5422 Pro
2012 5355 2166 5446 piscibus
2185 5383 2251 5448 ago
2301 5437 2311 5445 ,
