4748 6022
106 248 182 320 197

105 416 240 513 ldutbtg
262 417 307 508 ut.
358 417 488 498 earm
505 423 590 498 teta
607 424 668 498 teir
682 422 879 518 fitnmtid),
904 429 968 501 urb
984 426 1104 503 iteam

106 521 139 592 in
155 522 261 610 etatem
276 523 371 596 tiberi
394 526 485 617 nictu·
498 527 609 617 bellem
628 528 718 615 thur.
770 528 819 600 (tt
836 528 922 618 tehen
939 531 1014 620 birse
1031 532 1105 603 Θαι

105 620 175 712 then
199 626 332 704 terant
345 627 595 717 &thebeorum
619 627 836 717 sentiuntid),
862 634 926 703 aab
943 651 1018 703 men
1038 648 1104 702 eet:

104 723 187 814 ludpt
205 723 263 810 titt
282 731 346 798 aab
364 728 512 815 deurit,
546 734 657 802 batum
682 749 758 821 mag
780 730 836 821 lid)
857 733 904 804 ein
920 731 1000 822 jebet
1017 732 1103 805 dire

103 819 263 919 litabiga
284 829 344 899 aiat
363 839 425 902 eut
441 831 625 923 barletbtgen
642 829 804 923 historiar
822 833 977 906 attenua.
1028 832 1102 903 Da-

103 938 181 995 tum
204 929 340 998 decima
362 929 464 1014 lulii,
495 930 697 1003 Mlthvt.

123 1285 191 1359 No.
207 1286 318 1363 3509.

113 1380 326 1421 Μ

462 1486 506 1574 C.
530 1488 763 1577 Pannonio.

172 1644 255 1718 apta.
272 1644 320 1701 us.
335 1644 368 1701 v,
387 1664 415 1717 p.
427 1646 486 1700 ase.

105 1789 455 1899 Christophoro
495 1795 769 1886 Pannonio,
810 1797 1019 1900 (Theologo
1052 1802 1092 1872 in

437 1897 551 1975 Acad.
565 1897 766 1998 Francos.)

103 2030 147 2123 S.
175 2049 221 2126 D.
266 2046 481 2122 Charissime
496 2043 763 2140 Christophore.
803 2047 910 2138 Quod
928 2072 1009 2117 cura
1026 2072 1092 2115 no-

103 2165 258 2224 strorum
273 2153 511 2244 periculorum
528 2150 610 2239 angi
624 2163 657 2219 te
672 2151 857 2239 significas,
878 2165 912 2220 et
925 2149 1091 2240 pietatem

102 2256 217 2346 probo
234 2268 343 2339 tuam,
369 2267 402 2322 et
420 2254 572 2321 delector
589 2253 832 2321 benevolentia
848 2273 928 2339 erga
947 2274 1004 2317 me
1018 2264 1089 2319 tua.

103 2354 188 2426 Scio
213 2355 329 2436 enim,
359 2355 490 2423 multos
512 2352 640 2443 passim
663 2352 832 2422 oblectari
853 2355 934 2431 ταῖς
952 2346 1091 2422 dvorv-

101 2450 202 2548 χίαις
214 2451 414 2550 ἡμετέραις.
454 2452 525 2523 Nec
541 2467 658 2521 tamen
675 2454 793 2523 animo
811 2455 964 2542 frangar.
999 2451 1091 2519 Vin-

105 2572 159 2629 cet
180 2580 301 2641 causa,
340 2554 476 2625 etiarnsi
501 2555 611 2648 aliqui
634 2578 674 2623 ex
697 2556 802 2624 nohis
824 2554 1091 2624 interficientur.

103 2656 272 2729 Nondum
295 2670 411 2727 autem
434 2670 567 2726 motum
592 2658 815 2740 cultellum,
842 2659 900 2725 sed
923 2656 1091 2747 utrinque

104 2760 222 2849 magni
238 2762 426 2851 adparatus
442 2773 535 2830 sunt.
575 2750 778 2826 Palatinus
793 2754 946 2838 Elector,
973 2752 1093 2826 Mor-

15 2938 25 2967 ·
106 2855 187 2932 ebio
201 2858 357 2946 Elector,
383 2876 418 2932 et
433 2856 461 2928 I
460 2856 658 2929 nliacensis
668 2855 695 2955 ¹)
711 2862 854 2929 student
866 2858 1005 2929 flectere
1019 2855 1093 2926 lm-

103 2963 273 3055 peratoris
295 2966 454 3032 animum
474 2964 517 3031 ad
534 2986 667 3054 pacem.
717 2961 788 3033 Sed
806 2961 892 3053 quid
912 2959 1093 3053 impetrari

103 3063 234 3156 possit,
268 3065 406 3136 dubito.
464 3061 626 3131 Pontifex
656 3063 750 3132 enirn
774 3064 877 3132 valde
901 3060 1093 3144 contendit,

103 3177 144 3234 ut
157 3156 320 3232 Carolus
337 3175 493 3254 pertexat
507 3158 708 3231 inchoatam
725 3163 953 3252 tragoediam.
981 3161 1092 3252 Spero

104 3276 241 3345 autem,
281 3260 395 3333 Deum
424 3263 667 3348 mitigaturum
698 3284 770 3330 esse
802 3286 934 3353 poenas
961 3261 1091 3332 fatales.

102 3361 249 3434 Certum
271 3377 339 3447 cst,
365 3365 402 3431 in
419 3361 642 3430 Pannoniam
660 3363 795 3431 venisse
811 3361 946 3432 Ducem
963 3360 996 3430 T
999 3361 1094 3429 urci-

104 3489 186 3534 cum
208 3487 286 3532 cum
311 3464 446 3553 magnis
469 3463 589 3553 copiis.
643 3459 790 3530 lnterim
810 3477 929 3532 tamen
944 3460 1094 3533 Carolus

103 3563 277 3653 praesidia
285 3561 476 3654 Hispanico
487 3590 527 3633 ex
535 3560 731 3632 Pannoniis
744 3577 876 3638 evocat.
902 3562 999 3633 Bene
1007 3563 1093 3636 vale.

104 3664 171 3737 Die
190 3662 248 3741 14.
265 3664 358 3738 lulii.

943 4040 998 4108 14.
1015 4032 1077 4100 lut.

914 4128 1086 4159 m

103 4034 174 4107 No.
191 4028 324 4108 8510(

85 4141 91 4149 ·
109 4131 321 4166 Μ

438 4228 490 4317 V.
523 4228 760 4356 Theodoro.

171 4395 196 4449 A
218 4390 314 4462 pendit
327 4389 374 4444 lib.
387 4386 434 4442 lV.
448 4385 528 4457 epist.
542 4406 568 4459 p.
581 4385 623 4442 ts.
640 4415 675 4427 -
698 4386 751 4442 llic
763 4405 792 4441 ex
804 4386 971 4458 autographo
984 4386 1013 4442 in
1025 4387 1091 4445 cod.

235 4479 316 4516 onan
329 4459 352 4518 l.
371 4477 398 4530 p.
411 4454 474 4512 688.

103 4614 159 4692 D.
186 4612 233 4696 V
236 4616 303 4689 ito
334 4574 600 4698 Theodoro,
640 4608 782 4682 docenti
803 4607 990 4707 Euangel.
1012 4569 1094 4685 Dei

407 4716 447 4786 in
465 4715 550 4786 urbe
566 4710 791 4810 Noribergo.

100 4848 148 4941 S·
172 4865 218 4942 D.
267 4864 349 4937 Non
370 4865 515 4948 dubito,
543 4876 577 4933 et
599 4861 786 4952 opiniones
809 4862 854 4932 de
871 4860 958 4932 belli
977 4861 1090 4932 causis

99 4968 218 5041 varias
235 4991 319 5054 esse,
343 4981 378 5039 et
391 4967 504 5036 multo
519 4963 629 5052 magis
642 4962 759 5032 varias
775 4963 985 5036 voluntates.
1011 4960 1087 5055 Ego

98 5092 217 5143 unum
231 5065 328 5141 hunc
342 5083 485 5161 portum
499 5079 614 5150 teneo,
637 5088 700 5134 oro
714 5065 845 5151 Deum,
871 5078 912 5135 ut
929 5064 999 5136 sint
1014 5067 1088 5135 exi-

136 5325 165 5394 1)
182 5323 264 5380 Saub.
277 5309 460 5389 inhaereres,
475 5341 506 5377 er
523 5319 640 5385 mend03
656 5316 981 5393 valetitudinem
995 5318 1086 5375 utui-

172 5395 261 5448 boaae
274 5396 435 5452 versabatur
448 5395 476 5446 in
492 5402 641 5450 conventu.

694 236 1129 332 urrsronanuu
1178 254 1284 334 arn.
1322 258 1368 335 x.
1422 256 1553 332 aare

2075 268 2146 338 198

1155 440 1212 497 tus
1226 425 1403 497 Ecclesiae
1417 431 1595 516 salutares,
1622 445 1655 500 et
1668 445 1706 502 ut
1723 434 1930 526 mitigentur
1944 461 2077 530 poenae
2092 439 2145 509 ia·
2225 510 2228 517 ,

1154 531 1252 602 tales.
1312 525 1448 620 Optare
1473 549 1531 600 me
1551 535 1681 601 nostris
1703 533 1882 622 Ducibus,
1916 563 1961 607 ne
1989 554 2146 630 pereant,

1155 625 1344 700 honestum
1370 632 1526 723 atpium
1552 648 1615 715 est.
1682 633 1729 704 Et
1753 638 1870 707 iudico
1896 663 1970 722 eoa,
2009 641 2145 710 etiamsi

1154 755 1222 824 qua
1236 733 1439 803 aeciderunt
1451 731 1629 825 μεμπτέα,
1655 749 1694 804 ut
1708 754 1791 809 sunt
1807 732 1862 808 res
1878 734 2063 825 humanae,
2089 756 2144 813 ta-

1152 856 1234 900 men
1249 828 1296 904 rel
1310 829 1466 930 μέγιστα
1480 831 1654 929 ἀρίστους
1664 830 1768 922 εἶναι,
1784 853 1824 909 ut
1834 841 1921 908 olim
1932 843 1975 909 de
1983 838 2143 935 Cymoue

1152 934 1288 1003 dictum
1305 932 1383 1008 est.·
1420 937 1608 1006 Dederunt
1624 933 1816 1028 hospitium
1832 941 2010 1010 mediocre
2026 938 2051 1034 ¹)
2076 944 2142 1011 do-

1152 1036 1304 1120 ctrinae,
1337 1050 1499 1107 texerunt
1521 1039 1579 1130 pia
1601 1040 1718 1108 studia
1742 1063 1869 1130 magno
1889 1063 1953 1109 suo
1972 1044 2141 1132 periculo,

1151 1137 1285 1223 magnis
1308 1137 1501 1211 laboribus.
1561 1137 1609 1207 Et
1632 1163 1751 1228 spero,
1783 1139 1898 1210 Deum
1918 1157 2139 1212 servaturum

1151 1251 1184 1305 et
1200 1240 1427 1306 defensurum
1445 1263 1517 1307 esse
1530 1237 1705 1309 Ecclesias
1721 1241 1758 1308 in
1777 1242 1989 1316 civitatibus.
2042 1241 2139 1330 Quid

1077 1342 1084 1358 ⁸
1150 1338 1258 1426 igitur
1274 1336 1421 1407 Carolus
1440 1340 1570 1421 effecit,
1596 1341 1731 1409 etiamsi
1748 1343 1985 1433 profligaverit
2000 1358 2140 1413 nostros

1149 1435 1288 1507 Duces?
1315 1437 1506 1529 lmperium
1520 1440 1772 1511 Germanicum
1788 1443 1965 1528 dilacerat,
1980 1458 2013 1513 et
2026 1445 2139 1513 maio-

1149 1564 1203 1608 res
1225 1540 1471 1629 dissipationes
1487 1539 1724 1611 Ecclesiarum
1748 1544 1870 1623 efficit,
1905 1569 1993 1635 quae
2016 1546 2136 1636 aliquo

1147 1656 1268 1711 nostro
1282 1642 1403 1711 labore
1422 1643 1639 1712 consociatae
1653 1645 1809 1715 fuerunt.
1841 1643 1939 1714 Bene
1957 1645 2044 1719 vale.
2070 1643 2137 1713 Die

1150 1739 1207 1815 14.
1225 1740 1319 1815 lulii.
1373 1759 1378 1768 “

1660 1840 1847 1936 Philippus
1862 1840 2086 1915 Melanthon.

1156 2198 1221 2271 No.
1238 2199 1350 2275 8511.

1164 2296 1334 2325 w

2009 2216 2064 2281 15·
2075 2209 2133 2276 lul.

1998 2303 2133 2334 Μ

1478 2398 1805 2481 Testimonium.

1212 2553 1233 2616 l·
1250 2550 1288 2604 Er
1301 2553 1455 2624 apographo
1469 2553 1497 2606 in
1510 2554 1572 2609 cod.
1584 2553 1697 2610 Monac.
1711 2555 1752 2610 88.
1771 2554 1824 2610 Νο.
1839 2554 1887 2609 lV.
1907 2573 1933 2628 p.
1948 2557 1991 2613 68.

1201 2703 1468 2779 Testimonium
1496 2704 1724 2782 Gervusii
1743 2709 2075 2785 Marstnlleri.

1145 2831 1245 2924 Cum
1262 2856 1300 2922 in
1316 2850 1506 2926 Academia
1522 2871 1640 2935 nostra
1657 2874 1890 2929 commoratus
1906 2863 1952 2930 sit
1968 2858 2025 2929 hic
2042 2852 2133 2927 Ori-

1146 2953 1274 3026 basins
1289 2950 1326 3048 *l
1349 2952 1600 3044 Mereatur,
1624 2958 1841 3049 Prisgoicus,
1872 2961 2010 3029 circiter
2027 2962 2133 3051 quin-

1146 3060 1340 3150 quennium
1364 3084 1443 3126 rum
1459 3082 1585 3146 magna
1602 3061 1707 3129 laude
1727 3060 1917 3129 modestiae
1932 3074 1966 3129 et
1981 3061 2134 3150 diligen·
2213 3112 2216 3117 -

1146 3162 1216 3230 tiae
1240 3158 1278 3226 in
1302 3155 1400 3227 omni
1423 3160 1559 3242 officio,
1592 3173 1625 3227 et
1642 3161 1772 3228 bonam
1791 3155 2036 3250 philosophiae
2053 3186 2134 3251 par·

1145 3275 1216 3329 tem
1238 3271 1273 3326 et
1297 3259 1495 3328 doctrinam
1513 3255 1690 3328 Ecclesiae
1704 3258 1772 3328 Dei
1792 3274 1883 3330 recte
1907 3275 1941 3330 et
1961 3262 2133 3332 foeliciter

1146 3358 1330 3442 didicerit,
1360 3361 1398 3427 in
1413 3354 1604 3428 Academia
1627 3374 1747 3429 nostra
1768 3363 1811 3429 de
1825 3359 1974 3449 Collegii
1992 3377 2134 3433 senten-

1146 3462 1192 3530 tia
1210 3473 1355 3529 ornatus
1369 3473 1418 3528 est
1434 3462 1544 3549 gradu
1559 3457 2020 3553 MagisteriiPhilosophici.
2045 3462 2134 3555 Spe·

1147 3562 1261 3631 cimen
1282 3561 1386 3630 etiarn
1409 3561 1619 3629 eruditionis
1641 3563 1792 3630 docendi
1813 3565 1995 3652 praebuit,
2022 3579 2054 3634 et
2070 3567 2133 3636 diu
2194 3618 2197 3623 -

1147 3664 1240 3754 apud
1268 3685 1333 3731 nos
1357 3662 1442 3750 pub.
1463 3661 1647 3731 literarum
1671 3663 1786 3731 studia
1811 3664 1962 3733 fideliter
1986 3666 2134 3736 adiuvit.

1146 3763 1337 3855 Postquam
1351 3777 1468 3855 autern
1485 3756 1552 3831 hoc
1568 3785 1661 3830 anno
1675 3761 1784 3836 1546.
1800 3778 1944 3855 propter
1958 3766 2044 3834 belli
2059 3790 2134 3836 me-

1146 3878 1221 3933 tum
1242 3864 1303 3931 alii
1324 3862 1363 3930 in
1386 3863 1557 3953 patriam,
1582 3862 1643 3931 alii
1664 3863 1702 3930 in
1722 3864 1798 3932 loca
1816 3865 2063 3957 tranquilliora
2078 3890 2133 3936 se·

1146 3978 1337 4048 cesserunt,
1360 3958 1420 4032 hic
1436 3962 1605 4053 Magister
1620 3954 1822 4033 Oribasius
1838 3988 1909 4034 una
1925 3990 2006 4036 cum
2020 3968 2132 4035 amieo

1145 4062 1175 4134 I
1172 4088 1289 4135 onnne
1305 4056 1498 4134 Mercurio
1514 4065 1559 4135 ad
1575 4065 1701 4134 urbem
1716 4064 1944 4155 Vangionum
1959 4065 2132 4156 proficisci

1144 4159 1341 4266 [decrevit].

1246 4265 1336 4337 Cum
1367 4266 1476 4356 igitur
1504 4266 1635 4339 virtute
1663 4282 1699 4338 et
1723 4265 1925 4337 eruditione
1946 4268 2131 4339 antecellat

1143 4365 1203 4437 hic
1218 4366 1389 4457 Magister
1403 4359 1623 4452 Oribosius,
1648 4383 1682 4438 et
1702 4367 1840 4436 itineris
1858 4388 1998 4436 causam
2015 4364 2129 4438 hene·

1143 4483 1232 4539 stam
1256 4463 1403 4553 habeat,
1431 4472 1719 4539 commendamus
1739 4490 1819 4536 eum
1833 4468 1999 4539 omnibus
2016 4464 2131 4542 hone-
2211 4540 2215 4545 ,

1141 4571 1204 4641 stis
1219 4570 1318 4654 viris,
1344 4593 1383 4639 ac
1398 4570 1563 4660 petimus,
1585 4569 1723 4659 nequis
1738 4568 1781 4636 de
1799 4567 1926 4638 itinere
1942 4570 2017 4641 eius
2031 4594 2131 4643 secus
2239 4610 2243 4617 ·

1142 4670 1349 4764 suspicetur.
1400 4665 1519 4738 Etiam
1542 4668 1628 4737 belli
1647 4681 1803 4758 tempore
1826 4670 1959 4741 iustitia
1980 4673 2129 4744 colenda

1142 4787 1212 4856 est,
1242 4786 1277 4842 et
1307 4767 1512 4840 hominibus
1537 4771 1668 4854 doctis,
1699 4770 1906 4861 praesertim
1929 4772 2128 4842 doctrinam

1142 4876 1185 4943 dc
1201 4872 1275 4943 Deo
1290 4872 1509 4953 colentibus,
1541 4870 1643 4939 etiam
1660 4864 1793 4940 ethnici
1808 4866 1972 4941 homines
1986 4897 2127 4964 parcere

1140 4975 1312 5045 solebant.
1364 4970 1553 5062 Speramus
1570 4984 1686 5042 autem
1705 4972 1886 5064 aliquanto
1900 4987 1997 5065 post,
2024 4976 2127 5044 resti-

1140 5089 1216 5146 tuta
1236 5096 1321 5166 pace
1342 5071 1505 5165 publica,
1536 5066 1633 5144 hune
1648 5063 1886 5161 Oribasinm,
1910 5098 1991 5145 cum
2010 5091 2045 5146 et
2061 5078 2127 5145 do-

1139 5229 1347 5245 m

1174 5304 1202 5369 l)
1219 5302 1302 5359 Sauli.
1315 5322 1345 5359 er
1357 5302 1474 5359 madet
1499 5302 1670 5357 menturae.

1136 5402 1140 5410 ’
1172 5385 1202 5456 ¹¹)
1221 5387 1251 5442 ln
1262 5386 1443 5459 inscriptione
1456 5385 1608 5462 appellatur
1623 5384 1793 5459 cereastes,
1809 5384 1923 5442 lamam
1936 5383 2046 5440 nerins.

1326 5455 1429 5545 13?
