4748 6022
160 274 236 351 sor
345 251 347 255 ’
711 202 713 207 ¹
752 259 1186 347 ar1sronnnuru
1235 263 1342 345 ere.
1368 264 1415 344 x.
1468 264 1601 345 roso.
2113 271 2196 346 sos

263 442 370 515 Hunc
386 440 549 515 iuvenem
565 436 755 512 honestum
770 455 805 514 et
817 441 910 514 bene
926 444 1070 515 doctum
1085 442 1152 515 tibi
1200 439 1303 532 parvi
1318 441 1420 533 pueri
1437 440 1476 510 in
1493 441 1649 511 diversas
1673 438 1852 530 regiones,
1879 454 2043 536 totosque
2067 465 2197 517 currus

166 548 394 630 commend03
420 544 558 639 quaerit
576 538 824 615 scholasticam
849 545 1005 638 aliquam
1026 546 1153 618 condi·-
1202 554 1237 611 et
1252 565 1400 632 corpora
1423 538 1594 612 hibernae
1616 542 1717 611 nives
1739 544 1909 617 obruunt.
1959 543 2058 616 Deus
2080 561 2198 618 aeter-

167 651 318 731 tioncm,
358 648 534 740 adquam
554 658 595 717 ut
616 646 663 714 sis
694 645 727 715 ei
757 644 965 718 adiumento
999 662 1034 719 te
1055 670 1153 738 rogo.
1202 666 1289 729 nus,
1316 641 1420 714 Pater
1436 641 1584 713 Domini
1605 642 1719 715 nostri
1741 641 1823 713 lesu
1843 639 1999 733 Christi,
2026 647 2199 722 defendat

166 750 255 818 Nam
276 744 361 817 hinc
380 749 515 818 bellurn
546 770 628 817 cum
654 770 735 817 curn
761 748 907 840 reliquis
937 745 1153 820 scholasticis
1202 746 1375 837 oppidum
1390 758 1569 831 nostmm,
1603 760 1637 815 et
1659 739 1753 814 hanc
1775 745 1976 816 studiorum
1997 750 2116 821 sedem
2134 775 2199 822 rc-

165 849 285 939 abigit.
311 848 513 920 Bencvalc.
536 847 1154 938 Wittcbergae8.Novembr.1646.
1204 846 1344 931 stimat,
1382 869 1471 938 quac
1496 848 1652 936 profecto
1680 846 1889 939 aliquandiu
1910 843 1968 917 hic
1993 849 2042 919 ita
2060 851 2198 922 florue-

360 965 363 972 ’
715 961 893 1035 lohannes
910 963 1104 1041 Marcellus
1204 961 1305 1033 runt,
1335 959 1377 1018 ut
1399 949 1526 1017 merito
1547 945 1654 1019 fuerit
1675 948 1825 1018 amanda
1852 963 1887 1018 et
1913 950 2090 1022 laudanda
2105 947 2199 1026 haec

679 1088 686 1101 ‘
751 1063 1071 1156 Regiomontanus.

135 1508 141 1515 .
178 1450 245 1522 No.
260 1450 372 1522 8601.

1027 1455 1061 1518 8.
1075 1447 1153 1512 Nov.

171 1545 382 1597 Μ
1025 1539 1155 1567 Μ

506 1641 559 1730 V.
596 1643 830 1729 theodoro.

235 1820 313 1874 Edita
327 1838 342 1875 a
356 1819 489 1873 Sauberto
502 1816 531 1870 in
545 1819 664 1900 append.¹
673 1778 796 1941 epqqlib.
810 1816 858 1874 lV.
876 1836 901 1890 p.
914 1800 957 1875 22.
999 1818 1050 1876 llic
1063 1837 1093 1874 er
1104 1837 1155 1874 au-

268 1887 399 1959 tographo
411 1885 546 1941 Melantb.
561 1905 589 1940 m
603 1888 699 1943 codice
746 1904 825 1943 onae.
840 1888 863 1944 l.
881 1907 909 1960 p.
923 1888 985 1943 642.

166 2042 220 2118 D.
243 2039 287 2120 V
292 2044 357 2113 ito
378 2036 646 2126 Theodoro,
681 2039 824 2115 docenti
844 2041 993 2138 Evang.
1016 2043 1056 2113 in
1079 2040 1156 2114 Ec-

339 2142 451 2215 clesia
476 2141 556 2214 Dei
580 2143 620 2214 in
648 2145 734 2216 arbe
759 2142 984 2240 Noriberga.

167 2266 213 2356 S.
237 2281 282 2355 D.
341 2277 526 2366 Arbitror,
560 2281 746 2352 nobiscum
767 2276 899 2353 multos
922 2283 1037 2351 bonos
1060 2281 1156 2351 viros

135 2391 138 2396 ’
166 2389 206 2455 in
222 2383 345 2453 multis
356 2382 561 2471 regionibus
577 2383 760 2473 deplorare
772 2383 1038 2475 dissipationem
1052 2377 1157 2452 scho-

167 2489 223 2557 lae
240 2498 400 2566 nostrae,
424 2482 461 2549 in
480 2506 548 2574 qua
564 2505 661 2552 nunc
677 2484 820 2576 quidem
843 2484 1003 2553 omnium
1026 2483 1155 2554 artium

168 2586 285 2655 studia
300 2584 524 2652 mediocriter
538 2583 756 2670 floruerunt,
780 2599 815 2655 et
837 2608 926 2677 quae
949 2585 1072 2654 multis
1086 2581 1157 2654 Ec-

170 2686 284 2756 clesiis
299 2684 449 2753 fideliter
462 2684 617 2758 servivit.
667 2684 738 2755 Sed
759 2708 901 2776 gemens
924 2686 1012 2754 illud
1029 2681 1156 2755 Esaiae

170 2814 271 2878 saepe
287 2787 418 2874 cogito:
445 2782 661 2881 iniquitates
682 2794 846 2867 nostrae,
872 2794 911 2855 ut
927 2783 1022 2855 venti
1044 2781 1157 2856 dissi-

38 2922 44 2930 ·
170 2896 346 2963 pacarunt
364 2910 442 2960 nos.
494 2884 599 2970 ldeo,
621 2900 663 2956 ut
677 2887 775 2956 exilii
792 2888 885 2957 mala
904 2889 1083 2980 aliquibus
1104 2889 1158 2957 le-

170 2976 545 3073 niantnr,comuiendo
553 2987 811 3082 amicispassim
820 2984 1044 3060 scholasticos
1052 3013 1157 3080 egen-

71 3092 75 3099 ’
171 3108 234 3163 tes.
260 3089 348 3160 Tibi
363 3111 504 3184 quoque
520 3112 616 3158 nunc
630 3091 840 3160 commendo
855 3085 1157 3177 huncAdamam,

171 3195 373 3264 ministrum
396 3186 557 3260 Sturmii
577 3191 689 3274 senis,
713 3184 892 3286 κήρυκος,
922 3217 1028 3287 quem
1051 3194 1156 3264 nosti.

170 3293 294 3364 Bonus
319 3307 353 3363 et
375 3287 544 3364 honestus
559 3293 761 3363 adolescens
776 3305 846 3378 est,
869 3307 904 3363 ct
916 3294 1021 3365 initia
1033 3291 1158 3365 Philo-

150 3470 155 3481 .
171 3391 317 3487 sophiae
333 3405 368 3463 et
383 3415 555 3464 summam
564 3393 752 3463 doctrinae
766 3394 926 3466 coelestis
946 3410 1039 3468 recte
1064 3397 1158 3467 didi-

171 3497 232 3569 cit.
284 3494 402 3582 Quare
423 3492 642 3561 functionem
664 3494 697 3563 ei
719 3490 961 3566 scholasticam
987 3499 1158 3590 quaerito.

107 3652 109 3656 ,
172 3596 270 3666 Bene
287 3595 375 3667 vale.
426 3589 494 3664 Die
508 3591 545 3667 8.
558 3588 771 3664 Novembris
782 3588 831 3690 ¹⁵).

683 3705 872 3804 Philippus
886 3711 1111 3792 Melanthon.

983 4056 1155 4176 Q

581 4231 752 4317 Eidem.

242 4400 320 4455 Edita
334 4420 349 4453 a
362 4402 495 4459 Sauberto
514 4407 543 4460 in
563 4427 577 4460 a
598 4407 678 4477 ρεαδ.
695 4426 758 4481 epp.
778 4408 825 4464 lib.
839 4407 885 4465 lV.
901 4427 929 4481 p.
946 4409 1005 4480 24.‚
1028 4426 1103 4468 nuuc
1130 4430 1161 4466 er

273 4473 440 4543 autographo
452 4475 480 4529 in
497 4475 560 4532 cod.
610 4492 687 4532 onec.
703 4478 723 4533 l.
742 4498 768 4550 p.
781 4477 842 4534 643.

175 4621 232 4693 D.
253 4619 297 4695 V
298 4622 364 4695 ito
386 4583 649 4720 Theodoro,
684 4629 826 4705 docenti
842 4630 1096 4730 Evangelium
1120 4604 1162 4706 iri

297 4748 300 4771 ·
338 4722 509 4800 Ecclesia
525 4729 605 4802 Dei
619 4734 659 4804 in
676 4736 761 4806 urbe
776 4731 1002 4832 Noriberga.
1026 4760 1030 4765 ·

175 4837 219 4927 S.
245 4858 288 4934 D.
340 4859 532 4935 Collectam
555 4868 659 4939 exilio
680 4872 831 4962 pubem,
859 4871 1059 4944 miserabile
1082 4871 1163 4944 vul-

176 4964 239 5049 gus
256 4963 389 5034 diceres
406 4989 497 5053 esse,
521 4982 683 5041 nostrum
698 4986 856 5060 coetum,
879 4975 911 5044 si
934 4969 1043 5046 hodie
1060 4975 1163 5044 ades-

177 5085 230 5132 ses
251 5065 353 5154 fugae
374 5081 561 5160 spectator.
619 5068 810 5146 Vehuntur
831 5099 952 5163 senes,
986 5076 1163 5169 coniuges,

208 5332 237 5401 *)
262 5331 400 5385 Additum·
419 5344 458 5387 est
482 5354 497 5389 a
517 5334 650 5390 Sauberto
668 5337 731 5394 huic
749 5358 764 5393 e
783 5340 877 5396 istolae
896 5341 1016 5398 edietum
1039 5343 1163 5402 Hectoris

242 5401 405 5455 Academiae
418 5403 445 5456 d.
458 5405 485 5460 6.
499 5402 588 5474 Non,
602 5407 677 5477 quod
690 5407 743 5459 iarn
775 5408 879 5465 edimus
891 5413 1028 5468 aneriacu-

1205 1045 1335 1122 schola.
1394 1046 1457 1117 Me
1481 1045 1651 1120 hactenus
1673 1049 1782 1119 dolor
1797 1050 1962 1137 retinuit,
1995 1076 2042 1122 ne
2062 1054 2198 1145 migra·

1205 1173 1301 1235 rem,
1327 1163 1361 1220 et
1375 1172 1478 1239 saepe
1492 1155 1630 1220 me‘cum
1644 1152 1805 1242 disputo,
1830 1152 1936 1221 malle
1953 1176 2011 1223 me
2034 1150 2198 1251 ἐνταφῆ-

1206 1251 1341 1323 σεσθαι
1370 1244 1544 1344 πτώμασι
1575 1244 1712 1345 ταύτης
1741 1243 1898 1336 πόλεως,
1941 1278 2048 1346 quam
2076 1255 2197 1352 depa-

1205 1348 1330 1426 nsaien‘
1343 1348 1515 1446 ἐχθροὺς.
1550 1353 1620 1424 Sed
1634 1378 1654 1422 a
1667 1350 1745 1423 Dco
1759 1353 1948 1423 consilium
1962 1370 2055 1446 peto.
2086 1355 2197 1428 Hunc

1206 1455 1370 1525 iuvenem
1383 1449 1573 1522 Andream·
1587 1454 1655 1524 tibi
1671 1456 1900 1540 commendo,
1925 1470 2030 1550 teque
2047 1481 2122 1543 oro,
2143 1473 2197 1540 ut,

1206 1556 1447 1626 misericordia
1462 1551 1663 1626 scholastici
1676 1555 1808 1646 gregis,
1833 1551 1903 1626 hoc
1915 1570 2075 1651 tempore
2090 1559 2198 1629 etiam

1204 1658 1294 1727 alios
1328 1657 1459 1728 amicos
1485 1651 1639 1727 horteris
1670 1658 1716 1726 ad
1747 1658 1833 1727 tales
1867 1660 1984 1728 exules
2010 1661 2195 1731 iuvandos.

1204 1755 1301 1828 Bene
1317 1759 1404 1833 vale.
1455 1757 1524 1830 Die
1543 1761 1578 1831 9.
1592 1757 1766 1832 Novemb.

1711 1869 1900 1968 Philippus
1919 1874 2142 1953 Melanthon.

2042 2232 2076 2293 9.
2091 2222 2171 2287 Nou.

1211 2307 1382 2336 m
2018 2314 2190 2345 Μ

1387 2425 1392 2432 ’
1486 2415 1675 2499 Iohanni
1703 2416 1933 2506 ministro.¹

1274 2590 1298 2644 E
1316 2591 1378 2644 cod.
1398 2590 1483 2662 Lang.
1501 2611 1528 2663 p.
1545 2591 1597 2648 5¹³.
1617 2594 1684 2649 olim
1707 2613 1723 2648 a
1740 2594 1933 2650 ballenstadtio
1950 2614 1994 2667 ep.
2013 2596 2036 2669 l,
2049 2596 2092 2653 14.
2113 2598 2195 2667 edita,

1304 2677 1380 2714 nunc
1391 2679 1420 2713 er
1435 2660 1533 2714 eodem
1547 2662 1690 2735 descripta.

1205 2811 1451 2910 Integerrimo
1473 2825 1505 2887 et
1520 2814 1749 2910 fidelissimo
1770 2814 2000 2910 Iohanni,
2025 2822 2198 2904 ministro

1502 2914 1559 2996 D.
1579 2914 1683 2995 Phil.
1707 2917 1904 2998 Melanth.

1205 3024 1404 3120 Carissimo
1416 3044 1604 3122 lohannes.
1654 3044 1807 3147 Cygnea
1830 3056 2016 3127 deditione
2029 3071 2199 3148 occupata

1207 3165 1268 3223 est.
1318 3147 1503 3222 Exercitus
1518 3147 1660 3224 hostilis
1682 3150 1752 3225 huc
1775 3157 1980 3228 adducetur.
2031 3156 2144 3247 Igitur
2165 3171 2201 3228 et

1207 3275 1271 3345 ego
1295 3276 1376 3323 cum
1397 3247 1563 3348 puella')
1586 3268 1620 3326 et
1643 3271 1755 3329 matre
1775 3258 1820 3327 ad
1837 3252 2042 3327 Servestam
2059 3259 2202 3330 decrevi

1207 3356 1381 3427 recedere.
1432 3350 1569 3425 Currus
1594 3353 1707 3447 igitur
1725 3358 1875 3428 conduci
1895 3360 2061 3427 iussimus
2082 3362 2140 3429 vel
2161 3360 2201 3428 in

1207 3448 1377 3527 Comici
1397 3456 1454 3525 vel
1478 3456 1518 3525 in
1531 3450 1711 3532 Servesta.
1759 3454 1897 3528 Currus
1920 3459 2116 3527 conducere
2137 3484 2204 3528 ve-

1207 3557 1301 3642 nias,
1326 3557 1387 3626 sed
1402 3556 1540 3648 puellas
1553 3556 1633 3626 istic
1647 3556 1892 3628 commendato
1911 3552 2131 3649 hospitibus,
2163 3574 2202 3629 et

1208 3659 1322 3742 dicas,
1354 3679 1421 3726 nos
1443 3678 1526 3725 mox
1545 3656 1718 3729 affuturos
1741 3676 1825 3732 esse.
1876 3653 1973 3727 Bene
1988 3659 2077 3731 vale.
2127 3656 2203 3729 Die

1208 3759 1244 3834 9.
1259 3757 1471 3831 Novembris
1490 3752 1600 3833 1546.

1209 4093 1277 4166 No.
1291 4087 1408 4183 8604.

1216 4186 1388 4221 w

2035 4110 2093 4170 10.
2108 4099 2189 4165 Nor.

2022 4191 2194 4222 Μ

1517 4261 1612 4345 Iac.
1642 4259 1889 4380 Prodestae.

1279 4445 1300 4510 †
1318 4441 1357 4496 Er
1370 4458 1468 4514 apogr·
1488 4438 1529 4494 bis
1540 4439 1570 4494 io
1582 4437 1644 4496 cod.
1661 4436 1744 4493 Goth.
1761 4439 1822 4496 188.
1841 4458 1886 4513 ep.
1899 4439 1941 4496 16.
1957 4441 2024 4495 etin
2037 4441 2098 4497 cod.
2113 4441 2202 4511 Goth.

1314 4511 1376 4567 189.
1394 4512 1447 4566 No.
1522 4517 1589 4565 sect·
1603 4504 1630 4562 6.

1210 4662 1424 4741 Reverendo
1442 4662 1539 4742 Viro
1555 4658 1669 4734 Dom.
1693 4658 1867 4735 Iacobo
1896 4659 2199 4759 (Probestae)

1160 4806 1163 4811 -
1282 4763 1437 4843 Pastori
1449 4760 1640 4836 Ecclesiae
1655 4762 1735 4836 Dei
1747 4766 1787 4837 in
1804 4766 1890 4836 nrbe
1904 4763 2133 4864 Bramme).

1210 4878 1255 4974 S·
1281 4901 1327 4979 D.
1379 4900 1497 4974 Tuam
1523 4900 1728 4992 epistolam,
1766 4901 2005 4972 amantissime
2025 4904 2203 4994 scriptam,

1212 5005 1339 5097 accepi.
1405 4998 1486 5075 Etsi
1504 5015 1623 5075 autem
1648 5003 1688 5072 in
1709 5003 1817 5074 tantis
1837 5003 2048 5074 tumultibus
2071 4999 2204 5078 horum

1245 5253 1276 5326 ³¹¹)
1287 5253 1387 5321 ¹lntelli
1405 5253 1474 5320 lor,
1491 5255 1641 5310 lobannem
1659 5230 1913 5326 praemissum'esse
1926 5257 2093 5334 Servatam,
2116 5271 2148 5318 nt
2164 5265 2204 5320 ibi

1283 5321 1377 5378 Melan
1408 5324 1454 5376 oni
1468 5335 1494 5379 et
1506 5324 1623 5378 familiae
1634 5324 1692 5377 eius
1704 5322 1851 5395 hospitium
1863 5335 2013 5397 quaereret.

1248 5409 1298 5484 **)
1316 5410 1346 5466 lo
1359 5408 1422 5467 cod.
1435 5409 1520 5466 Goth.
1533 5409 1782 5467 artemonianos:
1812 5410 1973 5474 Reverendo
1986 5416 2073 5479 Dom.
2087 5420 2205 5493 Iacobo,
2225 5422 2230 5428 '
