4748 6022
100 239 172 316 1⁸1

98 404 311 482 Nobilitate
327 415 359 478 et
375 402 494 478 literis
513 405 615 478 claro
634 403 690 478 D.
714 402 809 479 Gai
816 405 858 479 el
865 435 930 481 mo
955 407 1009 480 K
1008 435 1093 482 nu-

98 509 181 600 tel,
208 500 441 582 Consiliario
455 503 641 606 Principis
656 506 909 599 Narraturus,
938 538 1007 584 suo
1022 538 1093 612 pa-

538 622 657 684 trono.

97 743 144 835 S.
167 760 212 837 D.
265 761 375 834 Mitto
389 764 490 833 vobis
505 758 658 832 themata
676 764 912 849 nativitatum,
939 767 998 834 sed
1015 765 1091 833 sine

97 865 261 956 longiore
285 866 585 955 interpretatione.
642 862 738 934 Haec
764 867 858 934 enim
884 891 958 936 non
979 881 1093 957 potest

98 967 194 1053 fieri,
221 969 291 1037 nisi
311 968 579 1057 diligentissime
600 981 720 1057 postea
738 968 960 1058 singulorum
977 994 1091 1037 anno-

99 1095 181 1140 rum
204 1070 379 1139 curricula
406 1069 671 1154 describantur,
698 1093 777 1155 scu,
802 1084 845 1140 nt
866 1084 1012 1156 vocant,
1035 1073 1091 1138 di-

100 1172 286 1244 rectiones.
353 1167 536 1261 Adscripsi
567 1185 683 1240 tamen
711 1173 916 1262 praecipuas
946 1185 1093 1242 naturae

104 1273 387 1362 significationes,
413 1298 498 1365 quas
515 1274 665 1342 maxime
683 1275 800 1343 iudico
819 1275 1092 1343 considerandas

101 1397 186 1449 esse.
245 1374 335 1444 Nam
359 1376 440 1443 illae
462 1375 622 1444 minutae
645 1378 913 1466 supputationes
934 1377 1092 1465 singulo.-

101 1501 182 1546 rum
205 1500 381 1546 annorum
404 1478 584 1547 interdum
607 1491 691 1548 sunt
710 1479 860 1568 ineptae.
911 1476 1007 1547 Haec
1029 1503 1093 1547 au-

101 1593 173 1649 tem
194 1592 340 1649 naturae
363 1593 397 1648 et
423 1579 558 1667 ingenii
581 1581 788 1668 significatio
809 1581 998 1649 maximam
1020 1582 1093 1649 vim

102 1676 219 1753 habet.
270 1678 366 1749 Hinc
387 1696 421 1750 et
442 1683 485 1749 de
500 1682 658 1752 moribus
672 1697 706 1751 et
723 1685 766 1750 de
784 1684 925 1751 fortuna
943 1683 1094 1752 iudicari

102 1795 251 1873 possunt
267 1782 434 1873 plurima.
471 1781 542 1852 Sed
558 1785 587 1852 si
603 1784 783 1875 requiritis
799 1784 970 1872 integram
983 1786 1094 1853 inter-

103 1885 354 1974 pretationem,
381 1899 496 1955 snmet
520 1879 587 1952 hoc
612 1885 681 1953 sibi
696 1885 830 1973 negotii
845 1882 1094 1969 Astronomus,
1138 1947 1141 1953 ,

104 1999 143 2056 ut
156 1987 264 2057 addat
277 2009 454 2061 annorum
470 1985 722 2075 descriptiones
736 1987 968 2075 singulorum.
1007 1986 1095 2055 Pac-

102 2088 280 2177 dagogum
303 2086 564 2156 adolescentum
581 2085 760 2157 Comitum
784 2088 944 2156 existimo
962 2087 1033 2156 iam
1051 2089 1096 2157 ad

100 2212 167 2258 vos
184 2189 383 2279 pervenisse
398 2184 447 2283 ¹⁸).
498 2186 720 2258 Commendo
735 2213 815 2257 eum
833 2189 898 2258 tibi
914 2192 1096 2261 tuendum.

100 2283 206 2359 Nihil
222 2289 319 2359 volui
334 2314 413 2359 cum
431 2315 472 2359 eo
488 2291 633 2380 pacisci,
659 2314 703 2357 ne
720 2290 1097 2376 videremurdiffidere

100 2385 318 2462 humanitati
332 2415 371 2460 ac
387 2392 591 2460 liberalitati
603 2390 779 2482 Principis
793 2393 857 2464 tui.
883 2387 976 2480 Agcs
991 2393 1098 2461 Prin-

104 2493 175 2583 cipi
200 2493 327 2582 gratias
351 2517 416 2583 pro
439 2517 604 2571 munere,
631 2518 756 2587 meque
776 2496 807 2562 ei
823 2495 1096 2566 commendabis.

105 2591 192 2664 Tibi
215 2619 356 2688 quoque
380 2596 485 2686 cupio
505 2619 561 2663 me
581 2597 868 2666 commendatum
886 2618 971 2671 esse.
1022 2594 1098 2665 Ila-

102 2695 169 2765 beo
184 2693 334 2766 Comitis
349 2689 536 2764 Ludavici
549 2691 754 2790 Stalbergii
767 2698 997 2782 nativitatem,
1022 2699 1098 2767 val-

104 2798 149 2865 de
171 2802 443 2889 respondentem
470 2799 546 2867 eius
567 2799 710 2887 ingenio
731 2813 766 2869 et
786 2801 968 2888 fortunae,
994 2824 1098 2893 quarn

104 2899 191 2969 alias
208 2900 274 2970 tibi
290 2901 439 2973 mittam.
489 2899 587 2969 Bene
607 2915 640 2970 et
657 2902 806 2971 feliciter
820 2902 909 2972 vale.

763 3114 925 3124 ...w-...-
933 3113 1084 3121 .--η-...ο

101 3238 173 3309 Νο.
190 3234 303 3310 8495.

110 3332 285 3362 Μ

962 3250 1020 3313 25.
1032 3242 1098 3308 Iun.

971 3338 1090 3362 M

406 3417 502 3506 Nic.
526 3398 797 3517 Amsdoiuio.

174 3582 198 3649 †
214 3578 252 3632 Ex
264 3595 359 3650 apogr.
373 3577 403 3633 in
417 3579 480 3634 cod.
500 3579 585 3635 Paris.
598 3581 636 3635 D.
647 3581 678 3636 L.
691 3581 754 3638 54³.

237 3731 307 3806 Ea
335 3733 490 3832 epistola
518 3734 573 3806 ad
596 3731 963 3837 Ambsdorsiam.

106 3862 259 3958 Certum
276 3900 326 3957 est
340 3887 463 3974 ingens
478 3887 613 3955 bellum
628 3887 743 3976 parari
761 3912 778 3954 a
794 3885 923 3959 Catulo
941 3884 1097 3975 Impera-

105 4003 182 4061 tore
206 4003 327 4058 contra
346 3984 482 4056 Ducem
503 3987 676 4058 Saxoniae
698 3985 898 4058 Electorcm
922 4001 956 4057 et
975 3987 1114 4056 Land-·

104 4091 265 4183 grafium.
313 4087 457 4181 lamque
474 4090 591 4178 magni
609 4089 779 4157 exercitus
797 4089 998 4178 congregati
1015 4102 1098 4171 sunt

105 4194 145 4263 in
160 4193 291 4261 vicinia
307 4188 486 4274 Geldriae,
512 4204 546 4259 et
562 4203 790 4280 expectantur
805 4191 925 4279 copiae
942 4189 1096 4276 Italicae,

73 4360 81 4369 .
105 4295 237 4389 quibus
259 4291 422 4361 Pontifex
446 4295 504 4361 det
527 4292 753 4382 stipendium.
803 4288 876 4359 Nec
898 4292 1097 4363 dissimulat

102 4395 268 4479 Carolus,
283 4394 460 4463 sebellum
470 4391 562 4463 Duci
572 4385 1096 4484 saxoniaeiltatummesse**).

102 4496 195 4570 Nam
210 4495 427 4569 Ratisbonae
439 4496 578 4565 vocavit
591 4497 721 4585 legatos
737 4494 937 4577 civitatum,
962 4507 996 4564 et
1010 4488 1095 4563 hor-

103 4615 198 4673 tatus
214 4612 282 4682 est,
299 4620 354 4699 ,ne
368 4598 493 4666 ducem
508 4595 682 4668 Saxoniae
697 4597 870 4696 iuvarent.
922 4595 992 4666 Sed
1007 4595 1095 4664 civi-

100 4716 192 4774 tates
215 4696 362 4771 honeste
387 4711 421 4766 et
442 4711 643 4768 constanter
664 4700 943 4789 responderunt,
968 4720 1005 4767 se
1020 4721 1093 4766 non

31 4798 35 4803 ’
100 4805 289 4877 defuturos
315 4799 470 4890 periculo
496 4800 676 4870 coniuncti
697 4800 880 4891 principis.
932 4797 1029 4869 Haec
1050 4800 1094 4868 de

101 4907 192 4979 belli
209 4903 323 4975 initio.
352 4901 453 4973 Sicut
466 4916 581 4976 autem
594 4900 691 5011 Deus
707 4902 792 4973 texit
807 4904 952 4972 domum
967 4901 1095 4971 viduae

137 5128 168 5200 ¹⁸)
188 5129 252 5184 Vid.
267 5128 343 5198 epist.
356 5127 383 5182 d.
397 5128 422 5182 8.
437 5122 504 5179 Maii
520 5122 595 5179 1546.
613 5121 729 5178 Videtur
743 5122 814 5179 idern
827 5141 884 5177 esse
897 5122 949 5178 vir.

139 5214 186 5285 fl)
203 5204 326 5286 Mergini
338 5210 472 5282 adscripta
485 5218 546 5263 sunt
558 5206 638 5261 haee:

457 5286 568 5350 propter
583 5274 806 5330 inobedientiam.

501 5377 537 5391 -
580 5346 651 5399 bone
667 5341 865 5399 Ecclesiasticr.

503 5445 538 5459 -
580 5413 703 5487 captivos
717 5411 800 5470 duces
810 5411 941 5476 Brunsrr.

243 5367 339 5407 nusae
355 5346 418 5402 belli

692 206 1138 317 rersrpuxnuu
1187 246 1364 332 max.
1418 257 1553 338 sats.

1125 1566 1197 1668 Ἠ.
1215 1590 1328 1672 Vita
1345 1595 1610 1690 Theodoro,

2061 278 2134 349 tua

1146 417 1379 542 sareptanae,
1410 429 1459 500 ita
1488 458 1551 502 oro
1574 432 1707 522 Deum,
1741 455 1782 511 ut
1804 443 1971 517 defendat
1993 460 2133 517 nostros

1144 544 1340 616 principes,
1366 533 1479 623 quiin
1495 538 1751 624 gubernatione
1767 543 1849 616 iusti
1863 560 1963 633 sunt,
1989 563 2022 619 et
2038 549 2132 620 mul-

1144 624 1189 690 tis
1204 628 1328 699 officiis
1343 632 1649 709 iuvantEcclesias
1660 647 2017 725 etstudiadoctrinae.
2031 650 2130 725 Vale.

1142 724 1204 801 25.
1222 726 1317 839 lunii
1341 732 1449 809 1546.

1142 920 1600 943 ξ’ὴ-*ᾕ--ι--α
1611 935 1873 947 ——n—-u--n—
1889 943 1941 950 r-..
1949 943 2107 953 n—-n-——n-

1143 1029 1214 1102 Νο.
1224 1030 1336 1107 3496.

1149 1126 1320 1155 Μ

2001 1068 2029 1126 1·
2045 1059 2105 1122 lut.
2160 1060 2165 1068 ’

1963 1147 2132 1175 Μ

1475 1220 1527 1307 V.
1565 1164 1799 1312 Theodoro.

1213 1370 1289 1425 Edita
1304 1392 1318 1426 a
1331 1374 1506 1459 Sanbertoin
1521 1381 1680 1452 Appendice
1693 1385 1755 1439 libri
1770 1387 1816 1441 lV.
1830 1389 1906 1457 epist.
1920 1411 1946 1462 p.
1963 1394 2004 1450 12.
2021 1429 2057 1440 -
2080 1395 2132 1454 llic

1246 1459 1276 1493 ex
1290 1446 1460 1516 autographo
1472 1467 1499 1500 rn
1514 1455 1577 1503 cod.
1591 1452 1701 1507 Monac.
1716 1454 1736 1508 l.
1752 1475 1779 1528 p.
1793 1457 1853 1512 632.

1632 1605 1775 1682 docenti
1787 1612 1972 1713 Evangel.
1991 1619 2031 1693 in
2049 1623 2134 1693 arbe

1525 1706 1753 1809 Noriberga.

1144 1826 1190 1917 S.
1216 1846 1260 1953 u.
1295 1848 1347 1921 ιι.
1366 1856 1458 1926 stin
1475 1861 1711 1949 cananaeus,
1736 1867 1797 1936 aa
1814 1870 1899 1939 aua
1916 1895 2035 1941 causas
2052 1897 2136 1945 aar·
2233 1901 2235 1904 ⁴

1147 1963 1236 2021 rant.
1287 1949 1363 2042 Ego
1387 1981 1469 2027 vero
1481 1962 1583 2043 ,etsi
1605 1965 1715 2034 multa
1739 1983 1821 2038 sunt
1837 1994 1913 2039 mea
1931 1986 1966 2041 et
1983 1975 2135 2044 aliorum

1148 2064 1302 2140 peccata,
1327 2070 1363 2125 et
1379 2082 1480 2150 saepe
1498 2076 1700 2134 nostrorum
1717 2068 1965 2142 immoderatas
1982 2076 2137 2147 actiones

1147 2153 1264 2242 palam
1279 2155 1492 2247 reprehendi
1505 2188 1586 2233 cum
1600 2168 1719 2260 aliquo
1735 2172 1905 2259 periculo,
1930 2188 2047 2245 tamen
2064 2178 2138 2246 exi-

1148 2255 1271 2339 stimo,
1296 2283 1435 2329 causam
1453 2268 1679 2358 praecipuam
1696 2295 1786 2357 esse,
1812 2276 1934 2343 odium
1954 2302 2055 2347 verae
2072 2282 2138 2348 do-

1149 2357 1282 2426 ctrinae
1304 2360 1343 2427 in
1364 2364 1584 2437 adversariis.
1635 2367 1684 2438 Hi
1709 2373 1777 2440 iam
1800 2371 1993 2446 Ecclesiam
2018 2382 2140 2471 oppri-

1149 2482 1243 2527 mere
1260 2477 1454 2550 conantur,
1479 2481 1522 2538 ut
1538 2469 1624 2538 olim
1641 2466 1850 2545 Antiochus.
1884 2474 1933 2547 Et
1949 2503 2021 2549 rem
2041 2483 2141 2550 simi-

1150 2562 1221 2628 lem
1243 2585 1333 2649 esse,
1366 2566 1479 2637 exitus
1502 2574 1675 2647 ostendet.
1727 2574 1788 2645 Me
1805 2578 1949 2670 quidem
1967 2605 2047 2651 cum
2062 2584 2142 2654 aliis

1151 2666 1471 2755 consolationibus,
1498 2684 1575 2742 tum
1597 2699 1680 2745 vero
1702 2681 1916 2750 conscientia
1940 2698 2054 2754 rectae
2077 2711 2142 2756 vo-

1152 2765 1299 2836 luntatis
1328 2772 1503 2847 consolor.
1570 2775 1672 2862 Scio,
1706 2780 1907 2852 doctrinam
1936 2808 1992 2853 me
2022 2811 2143 2857 veram

1152 2869 1384 2961 quaesivisse,
1417 2887 1452 2944 et
1475 2877 1531 2966 pia
1556 2880 1671 2947 studia
1694 2897 1858 2953 conatum
1880 2887 2012 2959 iuvare.
2070 2887 2144 2958 Nec

1152 2988 1248 3039 nunc
1263 2972 1428 3043 abiiciam
1442 3000 1541 3046 veras
1557 2982 1755 3050 sententias.
1788 2981 1934 3054 Exitum
1948 3012 2032 3057 vero
2048 3013 2145 3058 corn-

1152 3074 1327 3142 mendaho
1344 3073 1431 3147 Deo.
1464 3077 1502 3146 Si
1520 3080 1608 3149 istuc
1624 3083 1720 3151 venit
1734 3080 1925 3174 Hispanus,
1946 3113 2044 3159 meus
2059 3115 2147 3159 con-

1153 3174 1364 3260 tubernalis,
1388 3171 1616 3251 Franciseas
1631 3177 1859 3277 Dryander,
1881 3188 1975 3274 iube,
1997 3205 2038 3261 ut
2054 3187 2144 3261 mihi

1153 3275 1301 3359 scribat,
1331 3301 1370 3345 ac
1393 3283 1565 3370 optarim,
1598 3295 1678 3353 eum
1703 3287 1741 3353 in
1766 3303 1880 3357 vestra
1897 3292 1985 3361 urbe
1999 3317 2144 3363 manere

1153 3376 1292 3468 aliquot
1320 3403 1468 3454 menses.
1527 3381 1652 3454 Postea
1684 3389 1814 3476 poterit
1842 3390 1909 3459 iter
1937 3394 2071 3479 facere,
2104 3409 2145 3465 ut

1152 3501 1272 3566 spero,
1304 3492 1392 3554 tuto.
1457 3481 1642 3555 Desiderio
1676 3488 1751 3557 eius
1785 3492 1977 3563 admodum
2011 3509 2145 3566 teneor.

1153 3577 1249 3648 Tuas
1271 3580 1392 3651 literas
1411 3600 1565 3676 expecto.
1618 3586 1715 3665 Bene
1727 3592 1815 3665 vale.
1867 3592 2034 3665 Calendis
2050 3596 2144 3672 Iulii.

1664 3687 1852 3786 Philippus
1865 3694 2093 3777 ,Melanthon

1289 3893 1471 3903 ----...---·—
1476 3895 1557 3904 ..um--
1566 3898 1718 3908 .-..-....-.r

1148 4018 1214 4089 No.
1231 4019 1343 4093 5497.

1154 4117 1367 4155 Μ

1727 3900 1940 3912 ..αι-υ-οα--ο-
1956 3907 2063 3915 ...ω-..μ
2075 3907 2135 3917 --

2010 4046 2040 4102 l.
2058 4034 2117 4099 lul.

1999 4126 2135 4161 *0⁹⁴9

1486 4207 1808 4303 Testimonium.

1216 4373 1236 4433 †
1256 4367 1294 4425 Ex
1305 4362 1460 4453 apographo
1474 4367 1502 4422 in
1517 4370 1580 4425 cod.
1595 4368 1679 4427 G'oth.
1696 4373 1755 4427 127.
1770 4373 1798 4425 in
1812 4370 1860 4425 lot.
1873 4390 1900 4441 p.
1918 4372 1973 4428 183.

1546 4523 1728 4624 (Lectori)

1145 4655 1189 4746 S.
1215 4670 1261 4747 D.
1311 4671 1403 4744 Cum
1425 4674 1464 4742 in
1479 4668 1668 4745 Academia
1683 4688 1803 4744 nostra
1818 4664 2134 4752 Bartholomaeus

1145 4774 1357 4869 Bergnerus
1376 4771 1612 4865 Ottingensis,
1636 4775 1788 4868 amplius
1805 4778 1960 4848 triennio
1977 4806 2133 4853 commo-

1145 4893 1242 4949 ratus
1257 4891 1356 4962 esset,
1379 4877 1594 4947 discessurus
1607 4876 1729 4968 petivit
1744 4879 1985 4957 testimonium
2003 4887 2046 4953 de
2061 4887 2132 4958 suis

1145 4980 1271 5052 studiis
1292 4993 1327 5049 et
1349 4978 1526 5062 moribus,
1556 4981 1651 5072 quod
1675 4979 1709 5058 ei
1731 5004 1805 5049 non
1822 4984 1996 5073 gravatim
2010 4985 2132 5073 tribui,

1143 5083 1226 5177 quia
1243 5094 1277 5151 et
1292 5102 1407 5149 mores
1422 5094 1457 5151 et
1470 5081 1586 5151 studia
1601 5081 1676 5152 eius
1691 5082 1817 5173 probo.
1856 5080 1983 5155 Testor
2000 5087 2132 5182 itaque,

1143 5209 1223 5254 eum
1247 5184 1405 5251 modeste
1425 5184 1519 5272 apud
1542 5206 1608 5253 nos
1632 5183 1777 5267 vixisse,
1809 5197 1960 5280 eumque
1986 5191 2130 5279 probari

1142 5284 1284 5357 iudiciis
1298 5284 1519 5355 eruditorum
1534 5298 1569 5355 et
1581 5284 1759 5357 honorum
1772 5285 1943 5372 virorum,
1955 5290 2034 5358 cum
2050 5291 2130 5382 qui-

1142 5389 1209 5460 bus
1223 5385 1273 5457 eis
1289 5385 1474 5559 farpizlipris
1489 5388 1707 5461 consuetudo
1721 5398 1757 5459 et
1769 5388 1969 5461 studiorum
1984 5389 2129 5462 societas
