4748 6022
168 276 247 355 ses
755 266 1194 369 rersronanuu
1244 266 1356 353 nro,
1381 268 1433 353 x.
1469 221 1620 353 1642
2129 275 2204 349 sn

171 447 421 520 contumeliam
445 446 553 529 dicta,
583 446 726 536 quando
745 439 786 537 ²¹)
809 443 1085 515 condemnamus
1107 465 1169 511 eo-
1218 442 1346 512 rectius
1365 455 1435 523 est,
1458 441 1499 513 in
1513 465 1640 532 genere
1654 445 1805 536 precari,
1830 460 1870 517 ut
1883 443 1979 517 Deus
1993 446 2087 536 piam
2103 459 2138 516 et
2152 467 2210 516 sa-

171 574 250 619 rum
268 570 403 617 errores
418 571 482 638 per
496 546 644 616 verbum
658 544 723 615 Dei
739 558 773 613 et
786 543 1006 632 evangelium
1023 538 1167 615 Christi.
1217 541 1367 612 lutarem
1387 566 1507 634 pacem
1524 541 1555 639 ²)
1578 547 1755 631 restituat,
1786 560 1882 636 regat
1901 535 2036 616 mentes
2051 569 2212 616 summo·

170 649 245 720 Nos
274 649 369 717 enim
399 671 472 716 non
499 668 683 738 possumus
707 668 782 713 non
808 644 908 736 loqui
933 656 968 712 et
993 642 1168 714 testificari
1217 666 1296 712 rum
1314 644 1608 732 gubernatorum,
1631 660 1671 717 ut
1685 648 1892 735 gubernatio
1906 648 1952 718 sir
1964 647 2126 717 salutaris
2139 643 2210 718 Ec·
2265 720 2268 726 A

170 773 348 843 quaeque,
374 772 463 840 quae
476 748 629 816 vidimus
644 760 678 815 et
692 745 911 828 audivimus,
931 759 1024 815 certe
1038 768 1112 813 uon
1129 744 1167 811 in
1217 743 1340 813 clesiae
1356 757 1390 814 et
1406 746 1550 835 politiis,
1572 760 1688 818 servet
1699 744 1892 817 Ecclesiam
1906 762 1942 819 et
1956 746 2106 840 politiae.
2156 747 2211 819 Ac

169 845 422 919 contumeliam
437 849 662 938 cuiusquam,
688 847 749 915 sed
764 845 963 934 ingloriam
978 847 1049 916 Dei
1064 859 1098 914 et
1112 868 1166 914 sa-
1219 848 1476 935 propemodum
1488 842 1573 946 haec
1591 862 1673 918 sunt
1690 848 1729 917 in
1745 863 1864 919 nostra
1879 845 1908 943 ³)
1933 847 2102 932 formula,
2128 848 2212 940 quia

168 951 279 1022 lutem
296 949 432 1018 mundi.
1219 945 1379 1016 consulto
1403 947 1586 1019 omisimus
1608 951 1764 1019 nomina.
1814 948 1885 1020 Sed
1904 962 2021 1018 tamen
2041 949 2214 1041 quaedam

271 1050 384 1120 Nemo
404 1047 502 1116 venit
524 1048 568 1115 ad
592 1045 853 1117 ordinationem
874 1057 936 1115 aut
958 1043 1079 1114 venire
1102 1066 1167 1133 po-
1218 1045 1413 1116 omittenda
1429 1043 1457 1140 ‘)
1483 1063 1584 1134 sunt,
1606 1075 1673 1142 pro
1688 1074 1758 1143 qua
1779 1058 1876 1140 parte
1889 1050 1980 1119 illud
1993 1063 2147 1140 petatur,
2173 1063 2214 1121 ut

169 1151 257 1230 tuit,
284 1152 369 1219 dum
383 1149 527 1218 interim
542 1144 710 1217 Caesarea
729 1143 893 1215 Maiestas
908 1141 966 1214 hic
983 1144 1062 1216 suit.
1113 1139 1167 1212 De
1219 1147 1318 1216 Deus
1342 1170 1464 1218 omnes
1482 1147 1633 1222 'afflictos
1645 1151 1864 1234 consoletur,
1890 1162 2074 1221 ermenteo
2090 1172 2212 1219 eorum

171 1247 238 1320 hac
272 1274 310 1318 re
342 1248 511 1332 audietis,
550 1248 581 1316 si
606 1243 727 1318 schola
760 1260 821 1316 aut
849 1246 986 1339 aliquid
1015 1239 1167 1328 scholae,
1218 1247 1334 1316 flectat
1353 1249 1398 1317 ad
1415 1272 1534 1320 reram
1551 1252 1809 1322 invocationem
1826 1249 1913 1335 Dei,
1941 1265 1976 1320 et
1990 1247 2018 1342 ⁵)
2040 1252 2084 1319 ad
2100 1250 2213 1320 bonos

170 1350 284 1442 (quod
308 1349 407 1420 Deus
429 1371 552 1419 curare
573 1343 676 1442 velit)
700 1347 804 1416 nobis
828 1347 1027 1415 restitutum
1049 1345 1167 1418 fuerit.
1218 1347 1353 1416 fructus
1376 1350 1624 1438 poenitentiae.
1674 1351 1870 1432 Securitas,
1895 1344 2121 1434 temulentia,
2146 1375 2215 1422 no-

169 1447 333 1522 Christus
356 1473 418 1520 vos
442 1463 477 1519 et
493 1462 644 1519 vestram
659 1446 854 1519 Ecclesiam
871 1462 985 1518 servet
1000 1446 1039 1514 in
1055 1459 1168 1515 aeter·
1219 1442 1512 1543 λυπραγμοσύνη
1527 1445 1557 1546 ⁶)
1590 1465 1623 1522 et
1651 1467 1871 1543 contemptus
1892 1453 2087 1521 amicorum
2102 1447 2133 1545 ²)
2152 1473 2215 1541 pe-

168 1575 268 1624 num.
319 1545 430 1619 Orate
454 1574 519 1642 pro
543 1549 657 1619 nobis.
709 1546 782 1617 Nos
804 1571 946 1617 oramus
969 1571 1034 1638 pro
1057 1547 1167 1634 vohis,
1220 1562 1387 1639 pererunt
1404 1551 1556 1622 nobiset
1571 1553 1692 1623 multis
1705 1549 1737 1648 ⁸)
1753 1549 1818 1622 hac
1835 1552 2004 1625 miserias.
2040 1549 2123 1621 ldeo
2138 1544 2216 1641 οῖ’)

167 1665 209 1721 ut
224 1648 320 1720 Deus
337 1651 441 1720 nobis
453 1665 488 1720 et
501 1650 580 1718 aliis
598 1648 816 1732 civitatibus,
841 1672 930 1741 quae
944 1648 1014 1717 iam
1031 1660 1114 1716 sunt
1129 1647 1176 1746 iu⁴
1220 1671 1285 1719 nos
1303 1649 1371 1739 ipsi
1386 1651 1681 1741 expergiscamus,
1706 1668 1741 1726 et
1755 1648 1795 1749 ι”)
1815 1655 1992 1722 frenemus
2008 1651 2216 1743 cupiditates

169 1751 339 1843 periculo,
353 1774 475 1842 pacem
490 1750 590 1821 brevi
606 1752 740 1820 reddat.
762 1746 818 1818 Er
830 1747 1042 1837 vinoberga,
1059 1744 1168 1823 1547.
1220 1763 1374 1834 nostras,
1399 1765 1434 1821 et
1451 1746 1493 1840 ¹¹)
1515 1751 1631 1824 Deum
1649 1778 1809 1839 oremus,
1835 1767 1876 1825 ut
1892 1755 1997 1822 nobis
2011 1767 2046 1824 et
2062 1752 2142 1821 aliis
2155 1754 2215 1822 det

139 1861 145 1870 '
638 1847 771 1941 Caspar
783 1846 994 1938 Crucigerus
1007 1860 1043 1918 et
1057 1848 1120 1918 alii
1219 1847 1393 1939 Spiritum
1416 1859 1592 1935 sanctum,
1617 1857 1709 1924 utin
1727 1879 1808 1925 vera
1825 1854 2046 1926 invocatione
2059 1852 2128 1944 ipsi
2142 1874 2218 1923 ser-

813 1949 951 2024 sratres.
1221 1950 1356 2021 viamus
1374 1963 1409 2021 et
1424 1952 1588 2024 salutaria
1605 1955 1785 2031 faciamus.

272 2048 441 2123 Caesarea
454 2050 622 2121 Maiestas
643 2046 702 2119 hic
723 2040 791 2118 luit
811 2049 849 2116 in
863 2074 942 2119 arce
958 2063 1096 2120 tanturn
1113 2046 1170 2116 vi-

170 2153 272 2225 sendi
292 2155 419 2241 gratia;
446 2178 528 2222 mox
547 2152 643 2220 enim
658 2151 797 2220 recessit
811 2150 850 2217 in
868 2164 979 2219 castra
993 2173 1055 2220 sua
1071 2162 1168 2219 extra
2185 2234 2188 2239 ‚

170 2255 361 2326 civitatem.
412 2250 504 2324 Cum
519 2267 635 2323 autem
650 2251 878 2322 intellexisset
894 2252 932 2318 iu
948 2274 1045 2331 arce,
1072 2250 1167 2342 quod
1236 2303 1270 2374 N
1327 2307 1398 2376 391

167 2375 238 2447 per
252 2355 343 2424 duos
362 2355 455 2437 dies,
480 2368 666 2445 postquam
687 2351 817 2420 milites
832 2348 1039 2420 Caesareani
1053 2350 1169 2420 intro-
1226 2311 1440 2441 ω
2073 2314 2218 2434 Q

108 2510 111 2521 .
168 2454 266 2523 missi
282 2467 366 2524 sunt
376 2450 420 2547 ²¹²)
433 2455 472 2523 in
490 2477 617 2535 arcem,
633 2464 798 2522 cessasset
810 2450 861 2520 ibi
874 2464 997 2520 cantus
1015 2464 1049 2520 et
1062 2474 1168 2542 prae-

168 2554 309 2638 dicatio,
336 2556 563 2644 indignanter
574 2548 616 2645 ²¹)
629 2553 734 2622 dixit:
760 2551 840 2644 quis
853 2546 911 2621 hic
926 2548 1112 2644 prohibuit
1123 2545 1167 2644 ²⁴)

168 2669 309 2725 cantum
333 2670 394 2726 aut
409 2652 730 2747 praedicationem?
779 2649 828 2722 Et
841 2653 959 2735 statim
976 2665 1168 2743 coeperunt
1286 2663 1732 2742 Metcomtttaoltl.pesleq.
1750 2699 1784 2713 -
1802 2665 2217 2740 muddubiegeemmteeeeel·

168 2757 219 2826 ibi
233 2779 375 2891 turgum
390 2770 543 2838 cantare,
569 2769 603 2826 et
618 2753 778 2850 quotidie
792 2754 1015 2845 praedicatur
1028 2767 1069 2825 ut
1083 2749 1168 2823 hac-
1306 2735 1508 2857 'Qusffleb'ess
1520 2733 2217 2885 ῧῦᾖῇξζξᾚδξξῑέἰξὶῗξοῑᾛὲἱῇὴὲὲ9’Ξῖ

168 2871 272 2929 tenus
307 2853 335 2952 i·
1321 2819 1388 2924 [ies
1407 2881 1549 2941 postquam
1565 2825 1742 2944 waning·
1759 2875 1891 2927 Mauricio
1905 2871 1999 2926 nediu
2013 2873 2109 2954 luerat.
2174 2889 2216 2953 'n

765 2952 832 3029 Do⁴
847 2952 911 3031 po·
928 2952 1065 3025 Pastor.
1322 2938 1416 2991 verbus
1439 2958 1498 3010 „ac
1511 2949 1627 2993 nostroe
1636 2945 1775 3005 principes
1787 2939 1926 3008 tueerie”,
1944 2939 2103 3029 Maupuum
2116 2947 2145 2995 et
2156 2957 2217 2994 etus

1319 3003 1439 3080 intrem,
1456 3008 1620 3076 Augustum,
1634 3017 1767 3077 spectant.

1361 2505 1542 2616 (Forma
1568 2535 1742 2617 precum
1767 2504 2076 2617 publicarum.)

1218 3151 1403 3231 Formula
1434 3160 1656 3258 precationis
1686 3162 1914 3261 praescripta
1939 3156 2160 3234 Pectoribus
2186 3189 2214 3234 a

182 3292 250 3365 No,
264 3293 378 3366 3912,
890 3296 969 3377 (fore
984 3298 1064 3359 md·
1079 3292 1168 3377 Iun.)
1218 3253 1285 3330 Pit
1294 3258 1346 3334 it.
1357 3257 1416 3330 M
1412 3286 1428 3331 e
1437 3259 1455 3332 l
1459 3257 1582 3339 anth.
1597 3272 1751 3359 tempore
1765 3262 1857 3336 belli
1865 3260 2089 3354 Germanici,
2103 3263 2216 3336 Anno

175 3390 388 3424 Μ
894 3389 1164 3428 W
1666 3363 1777 3437 1647.

388 3471 481 3583 (De
504 3473 704 3585 precibus
720 3467 942 3583 publicio.)
1331 3465 1565 3553 (massonum
1577 3475 1710 3536 wtvoed·
1724 3474 1939 3537 iunctarum
1955 3472 2103 3550 videtur-l

233 3632 345 3688 udinem
363 3637 391 3690 {e
410 3639 457 3691 teo
477 3633 654 3705 untdutttgm
675 3633 854 3703 monoteta,
879 3653 945 3690 ann.
958 3634 1167 3758 ¹⁷⁴⁷⁰aii⁵oe”
1265 3611 1484 3704 mnipotens,
1506 3628 1646 3685 aeterne
1669 3627 1703 3684 et
1718 3615 1898 3686 verissime
1912 3612 2008 3686 Deus
2021 3628 2121 3707 pater
2137 3610 2215 3684 Do·

268 3702 796 3823 “2⁸3³’h'¹⁶l1⁶1⁰“·213⁹⁰⁸f²⁹⁵²⁵”
811 3704 873 3758 eod.
884 3701 970 3772 hug.
988 3723 1017 3774 r·
1090 3743 1113 3787 ·.·
1127 3704 1164 3785 ,⁵¹¹
1217 3711 1307 3779 mini
1322 3726 1355 3782 et
1369 3713 1552 3785 salvatoris
1568 3716 1679 3785 nostri
1691 3712 1768 3784 lesu
1777 3711 1922 3799 Christi,
1945 3717 2107 3786 conditor
2123 3715 2212 3784 coeli

269 3789 332 3826 co.
382 3791 444 3828 en.
498 3789 545 3851 .p.
610 3770 878 3824 .et1ueod.Gollr.
895 3772 1167 3841 l9l.p.ll.etrbed.

266 3837 353 3961 ff.
370 3869 406 3881 -
443 3837 643 3919 tarentinos-tn
661 3839 742 3891 coda.
778 3839 851 3903 „vn
865 3839 1165 3903 Metueprmrrom'.
1217 3823 1253 3881 et
1272 3825 1385 3887 terrae
1407 3837 1479 3883 una
1501 3840 1581 3886 cum
1602 3816 1675 3885 filio
1690 3829 1753 3885 tuo
1769 3812 1847 3885 lesu
1865 3810 2008 3886 Christo
2023 3830 2057 3887 et
2074 3815 2213 3906 Spiritu

319 3904 348 3958 .”
368 3935 404 3948 -
439 3905 573 3959 Videntur
587 3906 827 4026 witteherssemee
846 3905 1165 3975 exMelauthmrequae·
1217 3927 1353 3997 sancto,
1377 3913 1512 4005 agimus
1533 3916 1600 3985 fibi
1614 3915 1742 4005 gratias
1757 3928 1832 3984 popo
1847 3930 2006 4005 pectore,
2031 3917 2127 4009 quod
2144 3916 2214 3984 im,

759 3992 791 4026 us
806 3972 918 4028 Elector
930 3985 1025 4045 ceptus
1038 3987 1064 4030 et
1077 3976 1164 4032 Wil·
1398 4015 1408 4033 .
1468 4015 1477 4031 .
1567 4016 1576 4032 .
1741 4015 1750 4033 .
1919 4017 1927 4033 .
1964 4018 1974 4034 .
2057 4017 2065 4033 .
2176 4015 2186 4034 .

266 4043 376 4112 teberga
399 4051 548 4114 expugnate
586 4048 680 4107 uene,
702 4039 849 4096 dandum
866 4045 901 4097 sie
917 4043 947 4098 in
965 4044 1092 4114 predum
1110 4065 1164 4119 pu·
1215 4035 1336 4083 mensa
1359 4018 1598 4084 misericordia
1615 4028 1649 4085 te
1665 4016 1768 4084 nolus
1786 4017 1996 4105 patefecisti,
2017 4040 2123 4086 misso
2138 4016 2213 4087 fiho

265 4108 355 4166 bucin.
1216 4109 1297 4182 lesu
1314 4107 1474 4197 Christo,
1498 4128 1533 4185 et
1553 4115 1699 4205 prolatet
1712 4139 1840 4185 arcano
1861 4130 1895 4187 et
1916 4116 2127 4186 admirando
2148 4117 2212 4186 do·

224 4242 314 4339 Pl(
326 4259 384 4334 M
388 4261 438 4336 el.
463 4256 673 4337 Consilium
689 4255 732 4332 de
744 4261 912 4358 precibus
922 4263 1095 4362 publicis.
1213 4209 2008 4409 ἓξὲξΘεῖῃξῇἶὲῗὲἕέἒῒῃὲῗζῖἒὲὲᾏ]
2019 4215 2213 4408 {miii}

163 4408 257 4494 Non
273 4415 493 4489 abutendum
507 4427 559 4484 est
573 4412 796 4482 invocatione
812 4412 966 4482 nominis
978 4411 1064 4500 Dei;
1087 4429 1120 4485 et
1133 4412 1162 4511 ¹)
1227 4472 1436 4504 ...-,,,,,,

164 4523 321 4594 riderent
336 4514 570 4608 precationem
584 4512 739 4596 inimici,
761 4513 791 4581 si
806 4525 883 4604 post
897 4511 1160 4602 clademadhuc
1243 4561 1374 4629 nm·
1386 4563 1508 4620 addunt:
1533 4574 1564 4619 n
1576 4565 1822 4634 mmm·

164 4636 379 4716 peteremus,
405 4615 482 4685 dari
505 4613 687 4684 victoriam
712 4614 870 4704 captivo,
895 4614 984 4685 sieut
1005 4639 1071 4686 nee
1085 4614 1158 4687 Da·
1243 4641 1274 4712 a)
1291 4655 1406 4718 norea,
1429 4644 1448 4700 i.
1462 4665 1487 4702 ⁶,
1500 4643 1797 4718 walamnum.
1831 4641 2135 4718 viimam-1,

162 4726 224 4794 rid
256 4747 322 4815 pro
350 4741 462 4810 puero
483 4727 625 4784 mortuo
646 4729 829 4806 precatur,
859 4727 900 4785 ut
925 4715 1033 4790 vivat.
1085 4715 1158 4788 Sed
1242 4722 1274 4860 g)
1295 4733 1324 4783 u.
1338 4729 1375 4784 st.
1393 4731 1559 4783 emerenda.

172 4855 380 4875 ....--
1261 4812 1272 4875 )
1290 4816 1330 4877 el]
1348 4815 1379 4864 ll.
1392 4813 1429 4866 a
1450 4821 1522 4865 tum‚
2134 4846 2138 4853 .

194 4914 241 4977 21)
263 4910 331 4965 coa.
343 4910 430 4979 bug.
444 4924 541 4977 ouran.
1239 4892 1272 4958 6)
1289 4896 1426 4965 nodone]
1442 4901 1472 4950 ΙΙ.
1484 4898 1537 4965 ut,
1560 4895 1622 4948 eod.
1634 4894 1720 4965 hug.
1732 4902 1759 4947 et
1773 4893 1836 4949 eod.
1849 4893 1944 4949 Melia.
1956 4913 2016 4949 nou
2028 4895 2138 4952 lrabeat.

191 4997 238 5063 Β)
255 4993 325 5048 cod,
341 4994 428 5062 Lang.
443 4998 544 5045 cuent.
1241 4977 1273 5047 7)
1289 4981 1458 5044 morborum]
1477 4980 1539 5033 cod.
1555 4979 1649 5034 Mello.
1666 4980 1861 5048 morum,
1881 4980 1957 5052 quod
1972 4979 2085 5036 torm
2100 4981 2209 5053 presb

192 5077 239 5148 2⁸)
256 5075 325 5132 cod.
338 5073 422 5144 [ηας.
435 5075 606 5138 indignarer.
789 5118 794 5132 ,
1156 5108 1160 5115 .
1229 5080 1240 5095 ·
1277 5046 1412 5145 ”nme

192 5162 239 5230 24)
255 5159 409 5223 prohibuit]
428 5155 492 5211 cod.
507 5154 593 5224 Lang.
606 5153 764 5218 perturm.
1241 5129 1270 5198 8)
1290 5138 1316 5182 ‘¹
1329 5133 1435 5198 mun]
1456 5138 1487 5188 u·
1501 5133 1539 5190 ⁹2·
1552 5142 1613 5186 Μ’
1627 5135 1743 5186 mulm-

191 5245 221 5315 5)
240 5238 406 5308 Postseripts
420 5239 514 5292 verber
540 5237 683 5292 caesum
697 5235 879 5290 murtu-
891 5237 1036 5305 bucone
1050 5234 1079 5289 iu
1094 5231 1159 5290 sod.
1240 5217 1271 5281 9)
1288 5217 1327 5282 θ’]
1347 5222 1379 5274 ¹¹·
1392 5217 1429 5273 Ἦ·
1447 5227 1518 5272 lum·

226 5310 320 5367 Mean.
334 5326 391 5361 non
405 5307 538 5377 leguntur.
1240 5303 1286 5369 10)
1304 5305 1345 5366 et]
1364 5306 1393 5355 u.
1408 5302 1444 5357 lll-
1457 5311 1527 5354 tum.

191 5397 222 5469 1)
241 5399 282 5461 et]
301 5390 373 5449 cod.
384 5390 473 5461 hug·
484 5399 510 5445 el
523 5395 554 5450 tt.
567 5392 605 5449 ss·
619 5405 666 5443 ne·
1240 5388 1285 5455 il)
1302 5393 1342 5457 et]
1359 5390 1388 5443 ll·
1404 5388 1440 5443 ut
1455 5395 1528 5439 tum.

267 3973 372 4038 deine,
388 3975 453 4046 quid
470 3992 556 4041 nune,
592 3985 716 4042 culquam
