4734 6000
150 279 205 332 stl
566 256 577 285 ²
751 251 1018 331 ANNALES
1049 253 1234 330 VITAE
1266 253 1398 330 MEL·
1456 251 1589 330 1547.

188 369 251 536 MAI.
286 465 417 531 Caesaris
433 467 580 529 exercitus
597 463 821 547 Wittebergam
837 467 964 530 obsidet.
1017 464 1122 529 Caesar
1138 468 1245 530 indicit
1260 473 1383 530 comitia
1397 467 1504 531 Ulmae
1520 464 1664 527 habenda.

219 593 253 652 7.
287 583 476 646 lllelanthoui
492 582 662 662 hospitium
679 583 803 644 offertur
820 580 1005 646 anachimo
1017 582 1237 649 MarchElect.

288 699 415 762 loannes
428 698 452 760 F
455 700 598 760 riderious
615 694 666 765 El.
682 704 789 779 capitis
805 701 970 762 damnatur.

200 826 254 886 10.
290 816 362 880 lllel.
378 812 511 878 Lutlreri
533 816 656 881 viduam
679 819 711 878 iu
727 811 857 879 Daniam
874 818 1036 900 perducere
1050 823 1222 897 constituit,
1249 818 1301 880 sed
1317 829 1384 898 post
1399 836 1510 899 paucos
1528 818 1591 877 dies
1606 827 1729 896 propter
1744 809 1895 891 pericula,
1922 817 2036 866 mutato
2053 791 2199 880 consilio,

341 921 420 980 redit
436 918 654 998 Bruusvigam,
682 922 735 980 ubi
758 921 848 981 vidua
864 918 994 982 Lntlreri
1016 927 1135 984 mansit.
1187 917 1256 1003 lpse
1276 920 1355 1002 apud
1379 941 1411 979 sa
1432 926 1629 980 constitutum
1653 916 1797 988 habebat,
1823 915 1854 969 iu
1871 911 2016 988 patriam,
2044 905 2194 967 Palatina·

343 1037 427 1100 tum,
460 1026 546 1085 cuius
567 1041 677 1100 magno
701 1043 816 1103 semper
838 1025 994 1086 tenebatur
1011 1023 1176 1100 desiderio,
1203 1046 1283 1085 nunc
1296 1023 1410 1096 redire,
1434 1022 1564 1103 ideoque
1577 1018 1762 1083 Northusam
1776 1012 1813 1074 ad
1827 1008 2069 1088 hleienburgium
2083 1029 2196 1069 oonsu-

342 1129 402 1192 lem
415 1147 446 1185 se
460 1145 591 1206 suosque
609 1122 761 1200 conterre,
787 1139 817 1188 et
833 1128 923 1204 iude,
949 1129 976 1186 si
993 1129 1043 1185 via
1058 1141 1123 1186 tuta
1139 1127 1251 1204 forent,
1278 1129 1403 1184 ulterius
1420 1125 1574 1204 progredi.
1627 1118 1674 1200 (V
1675 1121 1716 1181 id.
1732 1121 1796 1177 eius
1809 1137 1857 1195 ep.
1873 1115 1902 1178 d.
1918 1114 1948 1176 d.
1966 1115 1999 1177 5.
2016 1106 2085 1174 lun.
2104 1110 2136 1171 h·
2153 1110 2197 1186 a.)

202 1242 258 1304 17.
295 1241 349 1306 Eat
364 1241 623 1323 Wernigerodae,
649 1254 678 1301 et
697 1247 862 1322 praemittit
876 1239 1042 1321 Georgium
1058 1241 1223 1322 Maiorem,
1250 1264 1334 1304 suam
1358 1253 1386 1301 et
1408 1237 1514 1301 Sabini
1533 1238 1643 1314 liliam,
1670 1251 1699 1298 et
1716 1240 1814 1297 lilium
1826 1228 2012 1293 Nortlrusam
2026 1231 2063 1289 ad
2076 1225 2198 1290 hleien-

347 1348 506 1425 burgium,
534 1347 599 1422 ipse
612 1355 712 1402 autem
728 1347 817 1407 rediit
832 1344 1033 1425 Brunsvigam
1044 1345 1083 1405 ad
1097 1368 1226 1407 uxorem
1240 1359 1270 1408 et
1283 1347 1501 1426 supellectilem
1515 1345 1559 1402 ibi
1574 1345 1708 1402 relictam
1721 1333 1978 1400 transvehendum.

205 1463 261 1525 18·
296 1460 361 1524 l‘ax
376 1467 454 1523 iuter
472 1457 627 1522 Caesarem
646 1473 676 1522 et
689 1458 834 1526 loannem
848 1462 1033 1525 Fridericum
1048 1459 1236 1541 Electorem,
1262 1463 1340 1522 l'acta
1354 1465 1525 1523 interventu
1540 1456 1678 1520 Electore
1693 1455 1969 1531 Brandenburgioo.

203 1580 262 1641 19·
298 1579 433 1641 Uxorem
449 1590 479 1640 et
494 1582 712 1659 supellectilem
727 1581 892 1642 transvehit
907 1578 1101 1644 Northusam.

204 1696 264 1757 21·
301 1695 426 1757 loannes
450 1693 617 1758 Fridericus
642 1702 738 1778 copiis
761 1702 822 1759 suis
847 1716 1063 1761 sacramentum
1086 1703 1211 1762 militiae
1232 1702 1373 1775 remittit,
1404 1709 1433 1757 et
1457 1699 1556 1773 iubet,
1590 1707 1624 1755 ut
1642 1693 1805 1755 antediem
1823 1689 1945 1750 tertium
1962 1686 2066 1744 urbem
2085 1676 2202 1741 Caesari

349 1798 475 1864 tradant.

119 1973 127 1984 ,
210 1916 266 1977 23·
299 1889 491 1993 ll'itteberga
509 1927 673 1996 occupatur
691 1919 726 1976 ab
744 1919 876 1976 exercitu
893 1915 1036 1979 Caesaris.

207 2024 265 2090 24.
299 2031 478 2092 lllelauthon
501 2043 545 2089 est
565 2034 596 2088 in
620 2032 735 2109 oppido
750 2029 916 2109 Eimbeok,
951 2043 980 2090 et
998 2030 1154 2091 intercedit
1175 2052 1231 2112 pro
1250 2027 1432 2092 Academiae
1446 2027 1579 2093 Witteb.
1597 2023 1815 2109 professoribus
1830 2020 1910 2103 apud
1929 2017 2202 2098 Oberuburgerum,

149 2130 153 2138 '
348 2133 537 2191 secretarium
554 2127 695 2192 Caesaris·

208 2242 266 2309 25·
300 2226 407 2308 (laesae
424 2250 487 2326 ipse
504 2259 546 2307 est
561 2246 781 2329 Wittebergae.

209 2363 268 2426 26·
301 2363 398 2426 lilittit
411 2366 598 2424 tabellarium
613 2362 855 2447 Wittebergam‚
883 2384 917 2429 ut
933 2373 1071 2450 exploret
1085 2382 1196 2433 statum
1212 2373 1303 2432 urbis.
1356 2365 1504 2446 Georgius
1519 2362 1616 2423 Maior
1632 2383 1663 2423 se
1679 2359 1795 2422 confert
1812 2339 1988 2420 Goslariam.
2092 2418 2093 2422 ,

211 2481 267 2544 28·
303 2481 483 2545 lllelauthou
502 2484 613 2543 iterum
628 2499 830 2546 commoratur
846 2485 1028 2550 Northusae.

214 2598 271 2660 29·
304 2596 419 2661 Iterum
434 2613 557 2661 vocatur
573 2604 605 2662 iu
620 2598 786 2664 lilarolriarn
801 2625 818 2663 a
833 2601 989 2665 loaclrimo
1004 2602 1099 2670 Eleot.

199 2754 270 2820 Iun.

242 2876 275 2942 6·
310 2881 411 2966 Rogat
426 2883 592 2967 Georgium
607 2883 827 2967 Anheltinum,
854 2905 888 2952 ut
904 2890 1065 2954 intercedat
1081 2912 1136 2971 pro
1153 2886 1238 2950 lusto
1252 2883 1326 2949 lona
1342 2887 1421 2969 apud
1436 2884 1610 2950 Mauritium
1626 2883 1753 2947 Ducem.

308 3001 445 3062 Vocatur
460 3008 496 3064 ab
512 3003 678 3066 Academia
693 3005 899 3087 Tubingensi,
927 3010 976 3070 sed
992 3013 1135 3082 retinetur
1149 3029 1249 3067 amore
1265 3009 1429 3066 amicorum
1444 3004 1744 3083 Wittebergensium.

240 3114 273 3172 6·
309 3116 503 3200 Vl'itteberga
520 3142 537 3178 a
553 3118 676 3183 Caesare
693 3124 818 3184 traditur
832 3123 975 3188 lilanritio
992 3124 1089 3203 Duci,
1117 3129 1216 3208 quiin
1231 3147 1315 3187 suom
1330 3125 1418 3185 fidem
1435 3127 1513 3183 cives
1528 3120 1638 3200 adigit,
1666 3132 1695 3179 et
1710 3122 1928 3179 restitutionem
1945 3112 2124 3174 Academiae
2139 3132 2212 3191 pro-

359 3225 452 3281 mittit
468 3219 604 3284 Senatui.

241 3332 275 3392 8·
309 3334 422 3399 Rector
435 3336 636 3417 Academiae,
665 3336 776 3425 Cespar
793 3333 953 3422 Cruoiger,
980 3339 1161 3405 Academiae
1178 3344 1314 3404 doctores
1328 3344 1421 3401 literis
1436 3343 1562 3416 invitat,
1589 3353 1623 3400 ut
1639 3339 1758 3400 redeant
1775 3336 2008 3414 Wittebergarn.

243 3449 276 3515 9·
309 3454 383 3520 Filii
410 3453 531 3516 loannis
554 3455 698 3518 Friderici
722 3456 885 3537 Electoris,
920 3465 1094 3539 scripserant
1119 3464 1156 3521 ad
1178 3461 1424 3533 lllelantbonern,
1457 3470 1485 3518 et
1511 3471 1703 3537 rogaverant,
1738 3477 1775 3513 ue
1801 3457 1837 3512 ab
1865 3457 1900 3512 ‘ris
1922 3452 2050 3511 discedat
2071 3449 2109 3509 ad
2130 3451 2214 3509 alios.

360 3559 554 3641 Respondet,
584 3582 615 3620 se
640 3565 729 3621 malle
754 3565 815 3622 illis
834 3582 925 3646 quam
949 3566 1015 3622 aliis
1037 3567 1165 3641 servire,
1198 3585 1296 3648 neque
1318 3564 1395 3621 velle
1421 3562 1453 3618 in
1477 3563 1548 3618 alias
1568 3563 1704 3639 regiones
1722 3555 1887 3631 discedere,
1923 3554 1974 3614 sed
1992 3551 2216 3629 Wittebergorn

362 3667 520 3744 proficisci.

222 3772 279 3832 11·
312 3777 412 3842 Iustus
427 3778 515 3842 lonas
531 3794 654 3840 vocatus
670 3795 713 3842 est
730 3782 767 3842 ad
782 3784 1028 3862 gubernationem
1044 3779 1194 3843 Ecclesiae
1208 3787 1241 3843 in
1260 3781 1373 3862 oppido
1390 3778 1588 3840 Hildesheim.

223 3891 281 3951 13·
313 3897 450 3960 Vocatus
466 3912 509 3960 est
523 3901 559 3958 ab
574 3901 677 3959 amicis
691 3897 925 3981 Wittebergam.

222 4005 280 4068 18·
314 4010 476 4097 Philippus
490 4013 700 4096 Landgravius
715 4015 838 4080 Hassiae
854 4018 963 4082 Halam
979 4021 1062 4079 veuit
1074 4016 1112 4076 ad
1125 4014 1290 4082 Caesarem.

163 4165 166 4171 ·
225 4123 281 4186 19·
314 4131 524 4214 Landgravius
538 4156 568 4194 se
584 4137 704 4196 subiicit
720 4134 838 4199 Caesari
851 4150 881 4198 et
899 4144 1034 4219 captivus
1050 4140 1204 4198 retinetur.

316 4249 495 4314 Melanthea
509 4266 663 4314 revocatus
680 4275 697 4314 a
711 4252 910 4335 Bugenhagio
927 4269 956 4316 et
973 4254 1134 4334 crucigero
1152 4258 1324 4333 constituit,
1351 4253 1574 4332 Wittebergam
1589 4249 1747 4331 proficisci.

224 4349 281 4417 24·
316 4367 388 4430 Filii
408 4363 531 4432 Ioannis
549 4368 691 4431 Friderici
707 4369 871 4449 Electoris,
901 4377 1021 4434 monitu
1046 4377 1156 4452 patris,
1187 4372 1224 4432 ad
1241 4369 1677 4450 Melanthonemscripseraut,
1710 4378 1744 4425 ut
1760 4363 1902 4422 iudicaret
1917 4365 2018 4421 locum
2034 4361 2086 4417 ubi
2103 4377 2220 4416 sumsere

367 4475 449 4533 velit.
471 4511 477 4536 .
501 4470 692 4555 Respondet,
719 4496 749 4533 se
770 4479 852 4536 brevi
869 4472 1053 4534 Wimariam
1071 4490 1230 4535 vetaturum
1248 4485 1278 4534 et
1292 4496 1326 4534 ea
1345 4475 1381 4535 de
1398 4497 1429 4534 re
1443 4495 1513 4535 cum
1529 4478 1566 4534 iis
1581 4476 1829 4553 colloquuturum
1844 4485 1914 4526 esse.

225 4589 287 4663 Iul}

253 4728 286 4786 2·
321 4725 356 4786 Ιιι
378 4724 677 4802 aulaWimariensl,
711 4748 771 4808 quo
785 4724 938 4789 Pantanus
962 4741 991 4789 et
1007 4729 1181 4790 Franciscus
1197 4725 1388 4790 Burchardus
1409 4740 1626 4805 convenerant,
1661 4725 1840 4788 deliberatur
1864 4719 1900 4780 de
1922 4715 2121 4780 transferenda
2140 4709 2222 4773 Aca-

370 4830 467 4890 demia
483 4828 722 4909 Wittebergensi
737 4833 770 4888 iu
786 4833 936 4912 oppidum
953 4829 1159 4913 Thuringiae,
1186 4833 1353 4915 etquidem
1368 4829 1484 4901 lenam.

255 4947 286 5006 8·
322 4943 427 5008 Caesar
442 4947 547 5007 indicit
562 4949 683 5007 comitia
698 4950 856 5028 Augustae
871 4947 1100 5013 vindelicorum
1116 4950 1259 5012 habenda.

252 5060 285 5119 7·
322 5061 451 5125 Scribit:
492 5063 612 5140 „hodie
634 5067 690 5123 iter
715 5068 866 5146 ingredior
881 5067 1104 5149 Wittebergam
1125 5065 1341 5151 prolecturus.”
1392 5065 1528 5129 Primum
1552 5066 1625 5124 abiit
1642 5059 1844 5138 Wimariam,
1881 5059 1932 5119 ubi
1956 5057 2140 5135 colloquitur
2156 5067 2226 5109 cum

374 5165 509 5227 Pontano
524 5178 553 5224 et
566 5163 702 5228 Ducibus
716 5164 886 5249 Saxouiae,
910 5174 980 5232 filiis
997 5170 1167 5235 Electoris.

233 5286 288 5347 12·
324 5279 378 5342 Est
396 5283 493 5342 adhuc
508 5279 677 5343 Wimariae
691 5299 720 5344 et
737 5293 910 5361 constituit,
937 5294 1062 5355 ulterius
1079 5292 1226 5372 proficisci
1239 5287 1459 5369 Witehergam.

232 5399 286 5465 14.
321 5396 439 5460 Mutato
455 5405 582 5462 consilio
599 5402 675 5463 redit
689 5399 882 5468 Northusam.
