4748 6022
175 77 248 156 ass
591 1 624 2 f*
775 66 1215 149 umsronanuu
1273 79 1382 161 arn
1407 85 1472 166 n.
1503 91 1632 170 essa.
2161 104 2251 180 09,

175 255 290 345 Papae
321 246 575 327 defendebant,
606 258 639 315 et
664 266 799 312 venena
829 237 1164 340 Anabaptistarum
1219 244 1385 349 κράτορα
1417 259 1552 352 aliquid
1582 265 1803 340 constituere.
1870 264 2072 362 Quicquid
2109 278 2225 365 poteris

176 352 405 447 spargebant,
429 346 484 438 pie
501 360 534 416 et
548 346 736 434 diligenter
755 346 858 434 lupos
879 345 1055 434 repressit.
1104 342 1166 413 Fi·
1221 355 1265 421 de
1288 351 1344 425 his
1366 358 1511 456 rebus’)
1539 362 1751 453 siguificare,
1784 392 1937 461 quaeso,
1976 384 2024 440 ut
2051 375 2226 464 significes.

177 460 247 527 lius
263 468 301 524 ut
325 452 415 532 oris,
441 449 487 516 ita
504 448 613 515 animi
633 447 770 539 paterni
790 446 920 535 effigies
937 461 1005 531 est,
1027 459 1062 516 et
1084 469 1166 514 eru·
1222 450 1362 541 Quaeso
1386 461 1507 546 etium,
1542 467 1704 557 explora,
1730 469 1814 560 quid
1843 464 2025 542 Bucerus
2057 474 2226 569 Augustae

177 560 349 631 ditionem
365 554 408 619 acl
425 550 539 619 bonos
554 572 669 616 mores
685 549 856 626 adiunxit,
879 562 1085 639 patremque
1100 542 1166 616 hac
1221 556 1360 652 agat⁴).'
1402 560 1603 641 Benevole.
1657 566 1810 644 Kalend.
1825 570 1932 648 Maii.

174 673 275 755 parte
296 663 456 744 superat,
480 652 576 744 quod
593 645 841 720 Mathematica
860 649 1015 718 studiose
1031 648 1165 729 didicit,

175 736 264 856 quae
280 757 320 824 in
339 749 529 824 Academia
553 752 727 843 frequenti
742 774 868 840 magna
885 775 965 821 cum
982 751 1085 820 laude
1100 752 1166 819 (Ῑῦ-
1222 767 2225 809 W

175 885 252 933 cere
271 869 397 950 potest.
423 947 425 950 Α
446 849 496 924 Et
523 848 673 922 habebat
695 853 813 921 locum
833 847 1022 922 honestum
1047 852 1087 919 in
1108 846 1165 920 his
1228 888 1295 964 No·
1311 890 1424 969 4227·
1989 918 2224 1003 waliam)

173 959 399 1053 regionibns,
423 958 484 1025 sed
506 968 576 1024 tam
601 954 692 1024 tristi
718 969 874 1042 tempore
895 966 1069 1043 spectator
1091 975 1165 1021 esse
1223 985 1437 1028 κον»
2004 1012 2216 1053 Μ

173 1059 412 1136 calamitatum
435 1056 567 1148 patriae
591 1055 719 1128 noluit.
770 1053 819 1124 Ut
836 1067 953 1125 autem
978 1047 1164 1124 Gottlu'ce's
1541 1084 1588 1170 C·
1626 1085 1891 1180 Uppengovio·

174 1161 395 1256 temporibus
408 1154 603 1240 Ecclesiae,
629 1172 664 1228 et
680 1155 921 1226 doctrinarum
939 1155 1164 1251 reliquiaein
1785 1173 1787 1177 ’

175 1267 291 1338 insula
313 1274 427 1331 vestra
447 1272 602 1328 servatae
624 1271 727 1343 sunt,
752 1258 801 1328 ita
824 1282 921 1328 nnnc
942 1283 1085 1353 quoque
1106 1270 1165 1328 tu-
1322 1252 1406 1323 epto.
1425 1254 1473 1309 nl·
1487 1256 1535 1309 Ἦ·
1556 1276 1581 1330 Ρ·
1595 1259 1629 1313 ³²
1645 1280 1685 1333 ’‘l·

92 1358 98 1371 l
171 1356 549 1454 mulruanteEuropa
571 1361 765 1478 ⁰pt³⁰dl¹m
789 1373 861 1444 ‘st'
886 1361 1163 1476 utaliq⁰³.m³'
1218 1404 1331 1479 Dum.
1357 1402 1531 1484 Carula
1557 1414 1598 1489 U
1605 1416 1843 1494 tteuhovio
1901 1423 2065 1502 Domino
2095 1433 2222 1508 Mar·

172 1480 281 1539 neant
296 1463 486 1556 tranquilla
511 1457 663 1552 hospitia
687 1462 884 1534 literarum.
931 1459 979 1531 Et
1002 1457 1163 1530 Britan·
1645 1515 1776 1595 cheam.
1852 1482 1863 1512 '

172 1568 258 1639 uiae
279 1578 415 1637 vestrae
437 1563 731 1657 tranquillitatem
757 1576 852 1655 opto.
910 1559 1018 1632 Hunc
1045 1577 1161 1633 autem
1776 1582 1786 1610 ‘

150 1665 378 1741 Eusebium
398 1665 464 1737 tibi
485 1680 687 1736 reverenter
706 1665 934 1747 commendo,
961 1679 1064 1759 teque
1088 1688 1163 1745 oro,
1216 1637 1258 1730 S.
1286 1657 1333 1730 D.
1376 1658 1457 1730 Scio
1474 1679 1507 1735 te
1523 1668 1725 1740 meminisse
1739 1669 1939 1746 Ecclesiam
1957 1683 2127 1752 omnium
2139 1702 2223 1756 tem-

169 1789 211 1845 ut
227 1796 310 1842 eum
324 1765 577 1859 complectaris.
614 1763 750 1836 Poterit
763 1766 801 1833 in
815 1761 1006 1836 Academia
1021 1760 1163 1836 Mathe·
1215 1783 1343 1850 porum
1366 1775 1399 1830 el
1423 1765 1588 1853 colligere
1612 1775 1767 1864 exempla
1793 1774 2059 1851 Professumm
2081 1799 2116 1854 et
2134 1785 2223 1880 Apo·

170 1888 264 1944 mara
284 1871 363 1942 aliie
380 1869 538 1950 tradere,
560 1880 594 1936 et
614 1889 715 1960 spero
732 1863 909 1936 Ecclesiae
933 1868 1031 1950 usui,
1056 1880 1162 1958 atque
1216 1861 1408 1942 stolorum,
1442 1867 1502 1958 qui
1529 1869 1661 1941 similes
1687 1897 1878 1949 aerumnas
1903 1882 2104 1969 tulerunt,
2135 1904 2174 1959 ut
2193 1906 2223 1962 tu

169 1971 554 2047 ornamenroiuturum
572 1968 865 2061 esseubicunque
882 1968 960 2041 erit.
994 1967 1076 2039 Non
1094 1970 1163 2036 du·
1216 1987 1312 2031 nunc
1327 1977 1362 2032 et
1377 1964 1437 2034 alii
1453 1970 1557 2038 multi
1571 1972 1702 2045 serunt.
1750 1975 1861 2050 Leuit
1879 1974 2231 2063 haecconsideratio·

168 2079 245 2147 hito
258 2074 391 2144 multos
413 2072 503 2142 istuc
519 2071 700 2155 accedere,
726 2072 785 2138 sed
809 2085 926 2138 tamen
944 2068 1114 2139 honitatis
1129 2085 1163 2140 et
1214 2065 1455 2154 exemplorum
1481 2070 1650 2143 dolorem·
1711 2075 1780 2148 Sed
1811 2082 1935 2154 multo
1972 2087 2158 2160 efficacior
2183 2111 2222 2167 cst

167 2177 310 2271 pietatis
331 2184 383 2245 est
409 2186 508 2258 tuae,
542 2183 583 2242 ut
606 2173 693 2241 tales
721 2172 958 2240 adolescentes
978 2185 1162 2263 praestan·
1214 2191 1283 2235 vox
1299 2167 1360 2233 filil
1378 2165 1444 2236 Dei
1467 2173 1510 2239 sd
1530 2176 1789 2250 confirmandos
1806 2196 1841 2252 st
1863 2186 2075 2276 erigendos
2090 2194 2221 2281 animos,

166 2281 257 2351 tium
290 2277 472 2359 virorum,
506 2284 540 2343 et
571 2275 663 2343 bene
694 2273 903 2341 meritorum
935 2274 979 2342 de
1003 2269 1160 2342 Ecclesia
1215 2267 1277 2360 qui
1294 2268 1455 2357 promisit
1470 2295 1505 2342 se
1516 2277 1611 2365 gregi
1627 2301 1690 2349 suo
1705 2282 1920 2354 adfuturum
1938 2312 2045 2376 esse,
2074 2288 2219 2364 Noare

166 2382 278 2459 lilios,
304 2375 459 2466 ingeniis
482 2389 516 2445 et
541 2374 741 2444 eruditione
773 2374 979 2444 excellentes
1004 2374 1161 2447 adiuves.
1216 2365 1359 2464 liquam
1391 2394 1452 2441 uos
1481 2368 1685 2471 orphanos:
1717 2381 1830 2456 Immo
1864 2389 1985 2480 erigit
2010 2394 2124 2464 etiam
2145 2397 2219 2469 iuter

166 2481 264 2551 Bene
280 2493 313 2549 et
331 2476 481 2548 feliciter
496 2476 585 2547 vale.
619 2473 786 2545 Calendis
803 2473 908 2559 Maii,
927 2471 1034 2544 Anno
1051 2472 1161 2549 1548.
1215 2470 1289 2560 ipsa
1313 2473 1485 2562 supplicia
1507 2493 1642 2550 mentes
1656 2479 1794 2574 Spiritu
1816 2504 1953 2561 sancto
1970 2495 2043 2586 qui
2068 2496 2217 2572 lucemg

1215 2572 1383 2641 laetitiam
1402 2576 1560 2648 divinam
1583 2581 1621 2649 in
1644 2586 1822 2657 mentibus
1848 2595 2046 2670 accendit.
2099 2597 2171 2669 Hac
2187 2616 2214 2673 ut

1167 2672 1171 2680 ’
1215 2671 1248 2740 T
1251 2697 1268 2739 e
1289 2676 1529 2749 consolatione
1551 2679 1664 2752 Filius
1678 2682 1744 2755 Dei
1762 2685 1956 2764 Dominus
1988 2713 2118 2769 noster
2139 2682 2213 2773 lesus

165 2797 233 2871 No.
249 2795 361 2870 4226.
1032 2800 1160 2869 μω,
1213 2770 1377 2844 Christus
1391 2792 1563 2893 sustentet
1578 2808 1619 2853 ex
1635 2787 1753 2856 animo
1768 2814 1911 2881 precor.
1973 2797 2116 2872 Precor
2130 2805 2211 2873 etiam
2255 2876 2256 2881 ,

171 2882 341 2922 '0²⁸‘
1024 2896 1152 2925 Μ
1215 2890 1254 2946 ut
1276 2899 1348 2944 uon
1371 2894 1464 2950 sinat
1486 2883 1643 2975 extingui
1665 2887 1778 2958 lucem
1800 2916 1909 2964 verae
1926 2899 2146 2989 doctrinae,
2167 2910 2209 2975 sed
2254 2903 2256 2933 ³

503 2957 556 3047 V.
591 2957 827 3047 Uteotloro,
1214 2979 1347 3070 ubique
1372 2982 1514 3073 colligat
1534 2998 1568 3055 ct
1597 3005 1710 3060 servet
1732 2991 1799 3060 sibi
1823 2996 2001 3091 aliquam
2028 3000 2208 3089 Ecclesiam,
2254 2955 2256 3085 l

232 3137 310 3192 Edita
335 3137 363 3190 ‘n
387 3135 496 3203 Barth
535 3135 750 3192 mmmm
775 3137 957 3205 mmmm!
991 3137 1160 3193 mmm
1214 3103 1304 3196 quae
1325 3079 1360 3196 iu
1379 3093 1454 3165 tota,
1468 3089 1673 3160 aeternitate
1695 3092 1834 3164 fruatur
1853 3115 1892 3168 et
1914 3101 2064 3174 laetitia
2086 3105 2163 3192 Dei,
2182 3125 2207 3179 et
2254 3092 2256 3125 ⁵

266 3208 346 3274 eant,
377 3206 443 3258 esis.
462 3224 476 3258 a
498 3172 638 3266 limatae,
665 3205 725 3255 vot.
744 3204 777 3257 tt.
802 3205 903 3274 psus).
927 3235 962 3247 -
1002 3207 1158 3276 apograph.
1213 3177 1365 3258 Chusa,
1391 3182 1648 3279 Prophetarum
1677 3207 1712 3263 et
1737 3194 2012 3286 Apostolorum
2041 3226 2203 3280 consuetu-
2254 3246 2256 3315 p

265 3275 385 3329 etonem
400 3273 428 3327 5¹¹
442 3272 660 3330 0⁰⁶·001h·²³·
679 3272 785 3340 P·⁵⁷l·
1142 3332 1145 3339 .
1214 3283 1307 3349 dine.
1359 3282 1454 3354 Deus
1479 3291 1614 3382 estqui
1638 3306 1677 3362 ut
1700 3296 1850 3366 velimus
1876 3305 1998 3376 efficit
2021 3323 2057 3377 et
2072 3313 2200 3389 adiurat,

463 3424 545 3498 Vp,
554 3454 576 3498 0
602 3424 670 3498 Th
680 3453 696 3498 e
705 3454 726 3498 ⁰
734 3423 788 3499 do
797 3453 858 3500 ro.
1002 3378 1004 3383 ¹
1211 3397 1251 3452 ut
1265 3385 1366 3454 labor
1380 3411 1453 3456 non
1468 3391 1513 3460 sit
1529 3392 1661 3467 irritus.
1714 3393 1748 3465 ls
1764 3398 1871 3472 iaciat
1895 3420 1941 3476 ut
1968 3425 2092 3480 nostr,
2106 3416 2199 3484 studi,

1212 3486 1281 3554 sint
1298 3488 1464 3558 salutaria
1479 3488 1654 3564 Ecclesiae
1668 3509 1703 3565 et
1717 3500 1831 3575 nobis.
1887 3503 2003 3581 Bene
2024 3513 2101 3588 νὼ
2138 3513 2198 3586 (33,

160 3556 357 3644 carissime
373 3565 465 3635 viu.
513 3565 652 3638 Scimus
670 3566 796 3665 vere'),
821 3568 949 3656 Deum,
974 3583 1154 3642 aeternum
1211 3586 1305 3655 lend,
1322 3587 1423 3663 Maii·

161 3686 296 3762 patrem
321 3667 458 3739 domini
484 3668 595 3738 nostri
624 3668 648 3737 l.
670 3669 729 3747 C.‚
765 3673 986 3741 conditorem
1018 3672 1154 3763 generis

161 3769 310 3842 humani
328 3784 362 3843 et
375 3765 565 3850 Ecclesiae,
592 3770 684 3839 vitae
702 3771 738 3839 in
760 3773 919 3864 quolibet
933 3774 1153 3845 conditorem
1210 3782 2194 3835 ·“”·“““·“··“““··············“···-·-·----·-

162 3887 197 3943 et
212 3884 426 3942 servatorem
445 3893 535 3955 esse,
560 3886 600 3942 ut
618 3873 785 3964 scriptum
803 3886 870 3942 est:
897 3870 973 3968 ipse
995 3882 1046 3942 est
1070 3871 1153 3943 lou·
1210 3894 1274 3965 No,
1292 3895 1403 3967 4228,
2068 3941 2099 4002 3·
2117 3931 2187 3997 M

159 3966 291 4068 gitudo
319 3965 458 4041 dicrum
487 3979 644 4046 tuorum.
704 3970 811 4043 llunc
832 3997 915 4059 oro,
952 3989 993 4045 ut
1018 3975 1152 4046 diutius
1214 3990 1385 4019 Μ
2046 4023 2196 4053 Μ

161 4073 417 4146 consuetudine
449 4069 715 4144 honestissimae
749 4076 908 4165 coniugis
933 4088 968 4146 et
990 4077 1153 4148 dulcissi-
1395 4064 1597 4182 Cruciget·
1625 4073 1688 4158 ad
1716 4073 2047 4182 Scholastica&

159 4202 299 4248 morum
317 4175 512 4245 liberorum
527 4175 599 4244 frui
615 4189 648 4245 te
664 4176 764 4249 sinat.
817 4175 886 4247 Sed
901 4178 1018 4270 aliqua
1039 4180 1153 4249 felici·

84 4336 88 4343 .
161 4291 289 4364 tuaest,
309 4302 406 4347 nunc
420 4276 547 4345 abduci
564 4301 583 4344 a
601 4277 806 4366 spectaculis
823 4291 1043 4365 trrstrssrmrs,
1062 4306 1152 4374 quae
1429 4374 1435 4385 .

161 4394 323 4450 secutura
347 4392 452 4457 sunt,
486 4377 515 4446 si
534 4374 711 4448 Ecclesiae
733 4393 873 4449 nostrae
902 4383 1153 4469 turbabuntur,
1207 4379 1342 4456 Rector
1375 4383 1596 4463 Academiae
1628 4389 1772 4467 Witeb.
1804 4391 2071 4504 Casparus
2104 4413 2206 4496 cru·

160 4493 199 4549 ut
223 4494 353 4552 metuo.
406 4477 492 4548 Vidi
515 4479 666 4564 librum,
687 4481 749 4573 qui
771 4481 809 4548 in
831 4494 1008 4551 conventu
1028 4481 1153 4575 Augu·
1592 4493 1736 4590 elgar,
1760 4496 1814 4575 1)ο

161 4597 262 4651 suno
279 4579 502 4671 proponitur.
550 4579 615 4651 Est
639 4581 732 4650 idem
759 4582 820 4652 ille
842 4584 885 4651 de
910 4607 981 4675 quo
1006 4584 1044 4652 in
1067 4610 1153 4655 con·
1209 4603 1373 4689 Honesta
1388 4634 1567 4708 matrona,

160 4694 270 4751 ventu
292 4678 543 4771 Ratisponensi
569 4683 810 4757 dissensimus.
862 4676 910 4754 Et
933 4681 1067 4780 Syrena
1092 4687 1152 4758 illa

160 4805 257 4854 nunc
288 4793 339 4850 est
371 4782 546 4855 blandior.
599 4784 667 4855 Sed
692 4800 811 4856 nostra
837 4783 1024 4884 dissidia²)
1056 4813 1152 4860 nunc

161 4907 300 4955 causam
314 4883 573 4975 praebuerunt,
598 4901 636 4957 ut
650 4910 788 4958 necesse
806 4888 932 4974 fuerit,
957 4885 1024 4962 τὸν
1041 4888 1153 4964 αὐτο-

1277 4225 1384 4300 Scripta
1402 4231 1477 4303 publ.
1497 4233 1582 4290 Aead.
1600 4233 1681 4291 Wit.
1698 4235 1732 4294 T.
1744 4237 1765 4295 l.
1783 4259 1811 4312 p.
1823 4241 1914 4304 208b‚

1256 4717 1264 4734 θ
1320 4716 1331 4727 ·
1591 4625 1824 4701 viduamater
1842 4646 2019 4719 consulis
2036 4649 2210 4753 Hierony-

1209 4741 1260 4786 mt
1282 4717 1440 4816 Krupp,
1465 4747 1544 4792 cum
1568 4750 1657 4817 pene
1681 4729 1863 4805 somnos
1892 4742 2058 4842 vixerit,
2085 4761 2212 4832 nullum

1244 4998 1276 5070 3)
1293 5000 1377 5057 Ssstr.
1395 5005 1450 5057 leue
1461 5021 1501 5060 re.
1589 5009 1592 5014 ’

195 5143 224 5204 ll
243 5137 318 5191 Suu
349 5153 446 5190 verum
1243 5083 1593 5216 4)liiii{illailla'rrrlitleeiteu1ss
1590 5095 1724 5219 ῗυηῗῗξ·
1742 5116 1895 5225 ‚fvssttsl'ep’at
1918 5113 2172 5204 aagendam,
2194 5140 2218 5184 ,r

192 5225 220 5290 ἲ)
239 5177 327 5278 saur:
343 5175 459 5276 nostrai
471 5222 616 5274 dissidiae.
1056 5255 1065 5283 ‚
1145 5260 1150 5268 ,
1282 5224 1305 5279 Ι,
1319 5235 1407 5279 ,mem
1420 5226 1491 5283 ngr„
1502 5184 1655 5302 improbgss
1670 5186 1848 5294 {geffll’nzffi}
1861 5183 2219 5320 mefflgttffnprobmt

161 5049 353 5067 ‘uuna-
