4748 6022
181 210 269 296 sss
350 144 353 157 ’

123 388 127 438 ¹
210 386 266 464 1).
282 373 949 480 HieronymoBomgartnero‚
977 370 1174 444 Sonatori·
1211 424 1214 429 ·

583 477 782 576 Noriberg.
1001 488 1005 493 ’

185 618 232 710 S·
254 637 297 708 D.
349 631 477 704 Multis
498 631 709 701 coniecturis
733 627 925 698 ratiocinor
949 637 1063 694 totum
1087 622 1177 696 Poe-

185 762 240 808 ma
256 739 325 808 τοῦ
338 727 477 827 μεταξὺ
493 747 610 802 ortum
625 752 698 799 esse
714 751 787 799 non
804 728 850 797 ab
868 725 1085 818 imperatore
1100 713 1178 795 οο-

185 835 284 922 eolo,
310 838 370 906 sed
388 831 462 906 aiud
475 838 543 905 τοῦ
554 825 761 929 μαργίτου,
788 829 849 922 qui
868 830 997 897 multos
1020 827 1089 896 iam
1107 851 1174 894 an-

183 963 250 1009 nos
271 937 424 1009 somniat
446 937 581 1004 fucosas
603 947 638 1002 et
661 955 735 1000 non
750 933 938 1000 duraturas
955 928 1177 998 conciliatio-

184 1063 260 1113 nes.
311 1039 364 1109 Ne
386 1059 447 1125 ego
473 1033 617 1125 quidem
647 1034 692 1101 de
713 1032 879 1101 omnibus
901 1028 1176 1123 quaestionibus,

183 1164 275 1235 quae
291 1140 328 1209 in
346 1136 409 1206 hac
425 1136 628 1205 turbulenta
645 1144 755 1203 aetate
767 1144 883 1203 motae
896 1145 997 1217 sunt,
1013 1152 1176 1223 pugnan-

185 1245 270 1313 dum
296 1261 437 1321 censeo,
473 1233 560 1330 ac¹)
580 1234 709 1305 multas
733 1232 894 1303 consulto
920 1234 1044 1304 abieci.
1103 1231 1173 1303 Sed

182 1340 359 1414 tamenin
384 1349 479 1409 tanta
505 1337 713 1405 confusione
732 1334 1013 1425 disputationum
1036 1333 1175 1452 aliquae
1225 1389 1263 1458 ,n
1286 1394 1456 1458 mmmm
1479 1383 1697 1480 Augusmo
1721 1383 1928 1453 dffibfflfio
1953 1388 1997 1454 de
2021 1408 2085 1465 ω,
2116 1387 2211 1479 quad

180 1465 236 1513 res
250 1439 465 1511 necessariae
476 1434 641 1507 motae‘et
656 1437 850 1506 illustratae
864 1447 958 1509 sunt.
1007 1431 1172 1524 Repetim

181 1539 378 1612 hisdiebus
402 1561 505 1629 saepe
526 1538 757 1628 ingemiscens
779 1538 952 1626 integram
975 1535 1174 1605 doctrinam

179 1638 264 1739 napi
295 1634 511 1735 μετανοίας,
552 1640 591 1708 in
618 1639 769 1729 publicis
803 1638 1099 1730 praelectionibus
1114 1629 1172 1729 ⁴),

179 1756 362 1837 propterea
378 1741 473 1834 quod
488 1740 654 1834 Synodus
670 1738 925 1825 Bononiensis,
947 1762 1053 1831 quam
1069 1739 1170 1807 video

179 1844 404 1915 arrdaciorem
430 1863 502 1909 csse
525 1845 590 1933 τῆς
610 1840 651 1911 ἐν
670 1835 819 1934 τριαίνῃ
833 1835 1108 1933 συλλεχθείσης.
1135 1854 1170 1909 et

179 1944 389 2016 veteratoris
420 1957 453 2013 et
475 1942 583 2032 impia
607 1944 744 2011 decreta
768 1942 848 2011 lecit
871 1938 954 2034 περὶ
972 1936 1171 2032 μετανοίας

143 2126 146 2132 .
178 2041 243 2120 καὶ
263 2040 481 2138 μυστηρίων
505 2039 660 2115 δείπνου
680 2046 871 2138 κσριακοῦ.
929 2041 998 2114 Sed
1025 2054 1167 2132 expecto

177 2139 394 2240 τὸμεταξύ,
421 2146 515 2239 qtmd
533 2166 613 2214 cum
631 2147 806 2234 prolatum
821 2144 946 2228 luerit,
972 2156 1083 2213 novas'
1094 2145 1168 2212 lor-

177 2249 279 2319 tassis
307 2245 545 2316 Ecclesiarum
575 2260 608 2316 et
632 2241 842 2316 Scholarum
875 2241 1167 2334 dissipationes²)

176 2350 291 2422 faciet.
332 2342 424 2418 ἀλλὰ
446 2352 567 2418 ταῦτα
590 2341 692 2418 πάνυ
707 2340 828 2438 μόνου
843 2345 938 2415 θεοῦ
954 2345 994 2417 ἐν
1008 2339 1167 2444 γούνασι

175 2453 304 2523 κεῖται.
355 2448 508 2518 Gentem
526 2447 734 2518 Saxonicum
756 2470 829 2514 non
852 2447 978 2516 dubito
1001 2469 1129 2535 magno

175 2551 309 2621 bellum
333 2564 506 2639 gesturam
530 2571 620 2633 esse,
646 2550 741 2642 quod
764 2545 861 2617 Deus
885 2549 1068 2637 gubernet.
1120 2541 1168 2614 Et

176 2648 260 2721 huic
276 2650 380 2737 ¹genti
403 2650 587 2740 praecipue
612 2649 821 2740 significavit
851 2671 1056 2740 congressus
1081 2652 1106 2737 t>
1133 2659 1168 2716 et

176 2754 216 2837 t?
238 2745 298 2844 **)
326 2753 363 2819 in
379 2748 604 2839 Aegocerote.

275 2850 384 2922 Mitto
402 2852 465 2919 tibi
482 2853 646 2942 pagellas,
661 2864 696 2921 et
711 2849 813 2920 brevi
828 2851 964 2920 mittam
981 2846 1167 2918 historiam

176 2952 304 3024 Gentis
323 2951 482 3020 ludaicae
495 2965 693 3022 contextam
714 2953 759 3020 ab
774 2947 920 3036 Ebero,
944 2976 962 3020 a
987 2951 1103 3019 reditu
1125 2973 1166 3016 ex

177 3053 360 3146 Babylone
381 3076 492 3144 usque
515 3055 560 3120 ad
584 3051 759 3120 excidium
776 3051 1016 3144 Solymorum.
1069 3052 1167 3119 Deus

176 3169 338 3223 aeternus
355 3151 458 3221 Pater
472 3150 619 3221 Domini
634 3153 745 3221 nostri
764 3149 843 3221 lesu
852 3136 986 3221 Christi
1003 3154 1167 3219 conditor

174 3255 311 3345 generis
333 3249 480 3321 lmrnani
505 3267 541 3324 et
561 3251 739 3323 Ecclesiae
762 3274 845 3322 suae
863 3253 922 3346 qni
947 3278 982 3321 sc
1006 3251 1166 3343 patefecit

174 3356 280 3426 misso
295 3355 389 3438 filio,
415 3369 528 3425 servet
542 3368 575 3424 te
593 3354 804 3423 incolumem
823 3370 856 3423 et
871 3371 904 3425 te
923 3367 1029 3444 regat.
1069 3352 1165 3423 Beue

175 3457 265 3527 vale.
313 3454 381 3525 Die
398 3458 496 3526 verni
511 3455 725 3550 aequinoctii
751 3455 858 3529 1548.

684 3583 873 3681 Philippus
890 3583 1116 3657 Melanthon.

168 3810 749 3828 *m

183 3965 249 4037 No.
264 3964 376 4041 4171.

175 4064 387 4100 Μ

459 4169 521 4257 Α.
546 4171 874 4267 Laciterbaalcio,

969 3982 1137 4060 aequiuoot.

948 4065 1159 4102 Μ

762 146 1194 281 urtsrosartuu
1221 198 1231 209 ·

1243 196 1350 282 lalB'.
1369 200 1442 277 ‘xt
1494 196 1624 276 teta.
2144 201 2222 280 826

1231 375 1476 467 integerrimo,
1495 364 1500 373 ’
1518 375 1562 442 de
1582 385 1655 466 quo
1676 363 1772 443 certe
1801 382 1837 446 e't
1865 386 1967 445 antea
1997 374 2088 445 hene
2109 374 2218 461 sensi,

1212 479 1335 547 ¹valde·
1349 491 1445 568 grata
1460 477 1529 546 fuit
1543 471 1650 558 mihi,
1675 489 1709 544 et
1725 476 1770 548 l).
1787 473 1923 546 Pastori
1944 490 1979 546 et
1995 477 2075 547 eliis
2096 476 2219 547 amicis

1229 579 1370 652 nostris.
1421 578 1517 649 Deus
1533 592 1695 650 aeternm
1716 587 1816 667 pater
1830 578 1968 646 domini
1990 578 2102 647 nostri
2122 577 2149 651 1.
2163 575 2217 659 C.‚

1229 682 1393 751 conditor
1414 677 1591 748 Ecclesiae
1617 700 1700 747 suae
1723 691 1837 748 servet
1862 684 1895 748 e't
1918 692 2014 769 regat
2037 700 2120 748 suos
2134 694 2217 748 coe-²

1229 794 1302 867 tus,
1323 783 1525 850 invocantes
1538 778 1672 871 ipsum!
1726 775 1774 847 Et
1797 772 2016 877 serratorum
2038 801 2112 849 esse
2135 801 2214 870 spe-
2297 828 2300 833 -

1227 908 1286 966 ro,
1312 883 1375 952 etsi
1401 883 1556 972 prolecto
1579 880 1663 949 novi
1685 895 1801 948 motus
1825 883 1982 967 ingentes
2001 880 2215 972 impendent

1226 983 1420 1075 Conspecta
1437 998 1518 1052 sucu
1535 981 1696 1073 prodigia
1721 981 1756 1047 in
1775 1005 1853 1049 arce
1871 1004 1995 1050 sereno
2010 981 2069 1053 die
2081 981 2240 1074 species-

1228 1091 1378 1154 duorum
1407 1085 1621 1153 exercituum
1656 1083 1807 1150 interae
1831 1081 2076 1152 dimicantium
2102 1106 2211 1173 prope

1226 1181 1480 1282 Qnedelburg3
1508 1200 1542 1255 ct
1559 1207 1631 1265 non
1647 1183 1770 1275 procul
1780 1178 1958 1253 aSnlinis
1970 1184 2071 1252 urbis
2083 1184 2213 1275 species

1225 1290 1264 1358 in
1282 1312 1360 1357 arce
1376 1301 1541 1379 tanquam
1562 1308 1687 1373 magno
1705 1283 1870 1352 incendio
1887 1284 2154 1374 conflagrantis3
2179 1297 2215 1353 et

1225 1506 1370 1560 vocatur
1393 1485 1567 1571 Interim,
1593 1489 1680 1581 quid
1702 1486 1859 1576 paritura
1882 1485 1944 1570 sit,
1966 1509 2022 1555 res
2042 1488 2213 1559 ostendet.

1224 1592 1298 1663 Nos
1311 1613 1453 1661 oremus
1467 1585 1602 1669 Deum,
1628 1600 1810 1658 aeternum
1836 1599 1972 1677 patrem
1992 1587 2131 1657 domini
2144 1610 2211 1656 no-

1223 1695 1286 1764 stri
1302 1692 1328 1766 l.
1343 1691 1401 1774 C.,
1426 1704 1467 1761 ut
1480 1692 1615 1780 mitiget
1633 1688 1790 1780 publicas
1807 1699 1843 1757 et
1859 1686 2010 1777 privatas
2032 1687 2210 1758 calamita-

1222 1813 1284 1868 tes.
1335 1792 1434 1863 Bene
1447 1805 1480 1862 et
1495 1793 1642 1862 feliciter
1659 1789 1746 1863 vale.
1785 1784 1854 1857 Die
1869 1788 2082 1882 aequinoctii
2099 1788 2213 1882 verni,

1226 1892 1334 1970 1648.

2048 2005 2088 2081 Ρ.
2103 2004 2157 2080 Μ.

1132 2469 1166 2512 m
1217 2415 1283 2484 Νο.
1299 2412 1413 2488 4179..

1217 2511 1424 2547 Μ

1550 2605 1594 2695 C.
1629 2608 1886 2693 Otlsmanno.

1286 2789 1307 2852 †
1324 2784 1360 2837 Ex
1374 2803 1467 2856 apogr.
1480 2784 1508 2837 in
1523 2785 1586 2839 cod.
1603 2784 1688 2840 Paris.
1703 2787 1740 2840 D.
1755 2787 1786 2846 L.
1802 2787 1869 2842 Μ’.

1218 2948 1443 3024 Eruditione
1467 2961 1498 3022 et
1526 2951 1654 3022 virtute
1671 2953 1883 3051 praestanti
1900 2949 1965 3030 M.
1990 2944 2207 3053 Casparo

1217 3050 1309 3126 Oet
1320 3081 1387 3123 nra
1398 3078 1507 3138 nno,
1530 3052 1757 3147 gubernanti
1775 3052 1901 3126 studia
1918 3053 2105 3126 doctrinae
2121 3051 2204 3124 lite·

1217 3183 1344 3228 raram
1359 3165 1390 3226 et
1402 3154 1622 3252 optimorum
1637 3157 1774 3275 artium
1792 3157 1831 3226 in
1848 3157 1934 3228 urbs
1947 3153 1985 3229 L
1995 3154 2207 3250 taberga,

1634 3281 1753 3328 amico
1778 3282 1809 3330 s.

1215 3391 1259 3483 S.
1281 3406 1327 3483 D.
1378 3406 1566 3479 Carissime
1590 3406 1654 3476 fili.
1706 3406 1903 3478 Meministi
1927 3407 2037 3499 igitur
2056 3421 2091 3479 et
2112 3403 2203 3480 hanc

1216 3510 1426 3581 sententiam
1448 3511 1486 3579 in
1509 3535 1549 3579 eo
1564 3508 1640 3600 ipso
1657 3510 1786 3601 scripto
1807 3508 1967 3581 isocratis
1980 3525 2114 3595 extare,
2140 3534 2202 3581 cu-

1218 3614 1272 3682 ius
1295 3611 1511 3681 mentionem
1534 3611 1636 3680 iacis:
1662 3606 1773 3691 καλὸς
1788 3607 1979 3704 θησαυρὸς
1991 3607 2075 3701 παρ’
2091 3606 2202 3702 ἀνδρὶ

1217 3709 1410 3807 σπουδαίῳ
1428 3707 1536 3804 χάρις
1557 3708 1786 3806 ὀφειλομένη.
1837 3709 1985 3779 Gaudeo
2008 3711 2133 3799 igitur,
2167 3727 2201 3782 et

1215 3811 1305 3883 mihi
1328 3815 1516 3895 inanimo
1547 3826 1608 3883 tuo
1640 3815 1745 3883 talem
1773 3806 1977 3881 thesaurum
2006 3811 2198 3903 repositum

1215 3939 1307 4000 esse,
1325 3916 1388 3986 etsi
1407 3917 1562 4007 proiecto
1574 3929 1632 3983 tua
1645 3927 1677 3982 et
1685 3910 1863 4009 Et'clesiae
1877 3913 2098 4002 causamagis
2113 3935 2199 4002 garr-

1214 4019 1300 4099 deo,
1325 4030 1358 4084 te
1383 4032 1417 4086 et
1435 4014 1565 4082 multos
1586 4013 1771 4103 praeditos,
1787 4012 1890 4081 bonis
1913 4014 2064 4105 ingeniis
2079 4037 2197 4083 veram

1213 4132 1247 4186 et
1269 4117 1391 4183 utilem
1413 4115 1610 4184 doctrinam
1631 4114 1815 4198 didicisse,
1840 4128 1880 4185 ut
1903 4138 2022 4184 semen
2038 4126 2196 4185 sanctum

1212 4216 1388 4308 reliquum
1419 4216 1481 4294 sit,
1514 4216 1610 4307 qarod
1643 4217 1781 4284 erudiat
1814 4216 2060 4307 posteritatem.
2119 4210 2195 4284 Etsi

1212 4317 1306 4386 enim
1333 4317 1469 4406 magnis
1492 4317 1657 4389 lluctibus
1672 4340 1811 4408 semper
1823 4330 2007 4408 quassatur
2021 4312 2197 4386 Ecclesia:

338 4486 345 4505 .
1000 4489 1009 4508 ,
1127 4494 1135 4511 ,
1211 4432 1328 4489 tamen
1350 4416 1446 4487 Deus
1465 4418 1582 4510 aliqua
1605 4419 1743 4508 agmina
1767 4430 1898 4499 servat,
1925 4441 1969 4486 ne
1991 4416 2116 4486 notitia
2133 4416 2195 4484 lilii

169 4483 823 4574 ΑΜΜόιΜίΗόΜῆῬΜί·
841 4484 1161 4573 E⁶⁶10P¹m⁶n⁸¹³0
1211 4521 1249 4589 in
1265 4520 1614 4607 tercisextinguatur.
1654 4517 1958 4610 Tequoqueopto
1973 4533 2106 4610 partem
2122 4542 2196 4588 esse

167 4616 215 4708 S,
240 4634 285 4707 D,
336 4633 546 4707 Reverende
570 4634 615 4706 D,
638 4634 794 4718 Anioni,
829 4654 862 4707 ep
888 4642 997 4710 amic,
1021 4644 1158 4712 carpsi,
1209 4622 1353 4691 seminis
1381 4621 1509 4701 sancti,
1542 4634 1581 4689 ut
1604 4635 1705 4691 vocat
1727 4617 1869 4702 Esaias,
1903 4622 1997 4711 quod
2022 4619 2195 4690 custodiet

166 4738 246 4807 me!
298 4737 464 4810 Narratio
481 4730 1064 4831 desen0G30735000710m‘1250,
1080 4747 1157 4815 ,im
1209 4725 1418 4794 doctrinam.
1470 4717 1760 4798 Academia,Dei
1779 4714 2192 4790 beneficioadhucsonat

1208 4827 1353 4893 eandem
1384 4846 1485 4890 verae
1511 4824 1693 4892 doctrinae
1714 4843 1859 4905 vocem,
1897 4846 2002 4915 quam
2037 4823 2193 4901 sonabat,

1207 4948 1286 4996 cum
1310 4927 1464 5007 adesses,
1489 4936 1593 5017 teque
1617 4918 1804 5007 adhortor,
1828 4935 1868 4993 ut
1891 4923 1934 4991 ad
1951 4915 2192 5014 philosophica

1207 5027 1324 5096 studia
1349 5027 1470 5095 redeas
1490 5025 1673 5118 aliquanto
1699 5037 1791 5117 post.
1840 5021 2008 5095 Nondum
2028 5023 2124 5090 enim
2151 5023 2188 5091 in
2291 5034 2296 5045 '

230 5111 395 5232 g¹·‘h⁸i¹³p⁶¹‘
408 5110 1155 5239 2⁶¹⁸²¹⁵tf⁸0f33¹¹³p¹3¹⁸{fsssgpffsilss‘tttuibmdm
1204 5125 1356 5198 Saxonia
1377 5127 1482 5195 finem
1504 5127 1679 5198 bellorum
1703 5149 1776 5195 esse
1794 5139 1925 5198 metuo.
1982 5121 2053 5194 Sed
2074 5119 2189 5193 Deum

251 5196 286 5249 ορ
315 5198 561 5233 acreumnuc
656 5200 693 5235 ἐ
802 5219 810 5238 ’
1177 5251 1287 5311 ero,
1322 5242 1362 5298 ut
1386 5221 1448 5298 has
1468 5251 1653 5299 aerumnas
1671 5227 1815 5316 mitiget.
1866 5224 1964 5294 Bene
1984 5237 2018 5294 et
2040 5225 2190 5294 feliciter

196 5263 225 5330 2)
245 5262 355 5318 Camer.
368 5265 588 5334 disputationes,
606 5267 745 5320 mendose.

196 5346 244 5418 aa)
262 5345 419 5402 Satanae
433 5349 629 5405 auriasicen
643 5349 783 5408 onerer.
1173 5278 1179 5430 1
1204 5329 1292 5404 eale.
1344 5329 1467 5400 ldihus
1492 5328 1652 5411 Martiis,
1678 5355 1749 5425 quo
1771 5329 1830 5399 die
1852 5340 1933 5397 ante
1959 5349 2072 5397 annos
2089 5323 2188 5399 1590

260 4333 282 4402 †
302 4330 337 4384 lis
351 4349 445 4402 apogr.
461 4331 488 4387 in
504 4332 565 4387 eod.
578 4332 662 4390 (tort.
679 4334 739 4390 tw.
752 4352 778 4404 p.
793 4333 852 4388 tto.

202 4961 229 5024 l)
249 4959 358 5015 Cema.
372 4968 414 5026 et,
432 4958 574 5015 mendose.

200 5041 229 5110 *J
246 5040 352 5094 Pcodiit
366 5042 486 5097 libellum
509 5042 668 5114 „Doctrina
683 5041 717 5098 de
728 5043 893 5114 poenitentia
906 5045 968 5102 ideo
981 5049 1111 5119 repetite,
1128 5060 1157 5106 ut
