4748 6022
77 157 156 235 305
656 156 1098 239 setsrouatttttu
1155 170 1263 250 LtB.
1301 175 1347 253 x.
1399 164 1535 259 1646.
2052 209 2127 281 306

72 333 204 404 dissem
223 335 268 404 de
284 334 335 404 eis
350 357 388 404 re
404 357 486 405 cum
503 332 647 422 collegis
665 332 872 407 deliberata.
907 332 976 404 Sed
992 360 1078 407 nar·
1130 344 1284 416 matibus
1308 361 1341 417 et
1365 367 1576 425 excusantur
1591 371 1626 427 et
1642 362 1915 440 confirmantur!
1969 367 2126 447 Oremus

72 439 178 506 rabat
195 438 367 521 nuncius,
392 458 429 504 se
443 436 631 506 fasciculos
647 434 787 529 aliquos
804 435 843 504 in
859 436 991 528 oppido
1007 433 1078 509 Its-
1130 459 1248 516 autem
1264 446 1398 537 Deum,
1432 469 1473 525 ut
1497 456 1570 547 ipse
1590 461 1772 532 veritatem
1795 472 1979 557 patefaciat
2003 491 2038 547 et
2061 481 2124 549 de-

71 536 201 632 terbog
232 538 438 631 reliquisse,
474 561 564 630 quos
598 538 758 607 fortassis
792 537 1076 611 eiusEcclesiae
1127 547 1287 635 fenden,
1307 566 1341 624 et
1374 578 1493 644 pacem
1528 560 1622 648 piam
1657 587 1697 632 ac
1730 567 1919 641 salutarem
1950 579 2110 651 restituat

71 653 193 734 pastor
207 641 253 709 ad
270 632 436 708 Paulum
453 653 615 708 nostrum
630 639 755 713 mittet.
791 638 895 709 Nunc
911 643 955 710 ad
972 666 1074 733 prae·
1125 645 1330 727 Benevale.
1382 656 1723 739 dieNicolai1546.
2111 628 2121 650 ι

71 743 212 835 cipuam
234 743 478 835 quaestionem
506 756 601 810 tuam
623 741 739 814 venio.
792 740 832 812 si
856 765 930 812 non
956 744 1074 837 expcl-
1592 764 1623 832 P
1627 760 1782 858 hilippus
1800 769 2010 848 Melasslhffll
2027 776 2069 873 3)·

70 845 151 916 lunt
174 858 207 914 te
223 841 455 933 Magistratus
479 844 549 928 tui,
578 865 702 913 censeo
728 844 795 916 tibi
815 845 853 911 in
872 845 1024 915 statione
1039 860 1073 916 et

68 942 228 1018 Ecclesia
244 960 303 1016 tua
320 946 537 1014 manendum
555 968 639 1018 esse.
667 944 765 1015 ldem
782 947 972 1016 consilium
987 949 1071 1017 dedi
1124 957 2112 996 Ἣ

68 1041 306 1146 Psesfingero
319 1047 531 1136 gubernanti
547 1039 743 1144 Lipsicam
757 1045 963 1121 Ecclesiam.
990 1046 1070 1121 Hoc
1120 1075 1187 1149 No·
1205 1079 1316 1150 3643,
1710 1095 1750 1175 (6
1778 1095 1864 1160 Μ
1892 1100 1926 1163 M
1946 1107 2019 1166 oda
2077 1115 2086 1132 ‚

66 1152 165 1223 euim
180 1146 207 1246 ¹)
233 1163 342 1237 agunt
361 1172 457 1217 nunc
479 1149 626 1241 quidam
648 1149 774 1234 astuti,
806 1164 847 1220 ut
864 1147 892 1245 ²)
916 1152 1068 1221 excussis
1126 1174 1298 1203 m
1719 1112 2113 1231 Q

64 1252 172 1323 bonis
187 1248 403 1322 Ductoribus
425 1265 597 1343 quaerant
615 1252 914 1342 praestigiatores,
947 1256 1009 1346 qui
1030 1278 1066 1323 se
1472 1266 1763 1379 (Inscriptio.)

64 1354 249 1425 inllectant
272 1355 314 1421 ad
342 1354 526 1423 doctrinae
548 1354 781 1442 corruptelas5
811 1352 931 1442 Quare
951 1355 1065 1424 nolim

65 1479 131 1527 vos
152 1457 275 1526 cedere
297 1456 470 1546 tantisper
492 1456 577 1523 dum
593 1478 736 1524 manere
754 1457 924 1548 potestis,
948 1480 987 1525 ac
1004 1481 1064 1526 ve·
1185 1416 1571 1546 itiisiuiiiililitlliiiil

63 1557 130 1627 lim
154 1558 224 1626 dici
251 1557 448 1649 plerunque
471 1557 514 1626 de
535 1557 708 1647 capitibus
726 1558 909 1627 doctrinae
928 1559 1063 1648 praeci·
1221 1553 1403 1639 vestiendas.
1440 1514 1668 1643 Qescftpsliinmihl
1682 1502 2109 1643 siniitiiilsgsitniaaill’leii

63 1659 165 1752 puis,
197 1662 241 1728 de
263 1659 499 1750 poenitentia,
524 1661 568 1726 de
585 1659 699 1727 causis
716 1655 953 1728 humanarum
969 1659 1063 1729 cala·
1218 1622 1306 1721 ‘5⁸⁸⁰‘
1325 1622 1545 1684 V‘⁸¹¹⁸¹²‘¹⁶¹”¹⁵·

63 1761 247 1844 usitatum,
273 1763 317 1829 de
333 1760 641 1842 reconciliatione„
667 1763 711 1829 de
726 1761 815 1844 bde,
839 1762 980 1829 devera
1004 1761 1062 1828 in·
1599 1788 1623 1849 Ι,

62 1862 267 1948 vocatione,
298 1865 343 1930 de
365 1862 458 1929 veris
480 1862 603 1929 officiis
623 1861 784 1951 pictatis,
816 1863 958 1929 devera
975 1885 1061 1930 con·
1220 1860 1225 1870 ’
1259 1876 1384 1941 Paulus
1398 1881 1443 1941 od
1455 1881 1704 1966 Philippenses.
1733 1890 1833 1973 (Phil.
1846 1895 1877 1975 2,
1895 1897 1962 1978 ta.)

60 1963 254 2049 solatione,
275 1965 319 2034 de
336 1962 540 2032 discrimine
555 1961 715 2031 cultuum
731 1963 871 2052 piorum
890 1977 923 2031 et
937 1985 1061 2054 super·
1199 1975 1215 2042 ὅ
1232 1979 1309 2053 θεὸς
1327 1976 1387 2064 ya‘p
1405 1983 1488 2045 ioco
1505 1979 1521 2046 ὁ
1539 1985 1669 2070 ἐνεργῶν
1682 1988 1714 2050 lv
1727 1985 1800 2070 ὑμῖν
1817 1995 1867 2057 καὶ
1885 1995 1921 2060 τὰ
1937 1996 2040 2062 stam
2054 2001 2105 2064 „aa

61 2064 306 2151 stitiosorum,
339 2090 378 2134 ac
401 2063 625 2154 praemunire
642 2059 829 2133 hominum
847 2078 981 2132 mentes
997 2067 1061 2133 ad·
1239 2065 1274 2127 τὸ
1291 2065 1418 2150 ἐνεργεῖν
1430 2063 1507 2152 ὑπὲρ
1520 2075 1577 2151 τῆς
1594 2069 1745 2148 εὐδοκίας.

60 2191 187 2239 versus
208 2167 444 2256 corruptelas,
476 2190 561 2257 quas
577 2190 673 2235 nunc
687 2161 963 2236 architectantur
978 2166 1059 2259 qni-
1110 2175 1190 2266 Ubi

18 2310 21 2314 ·
61 2270 161 2353 darn,
183 2268 246 2360 qui
259 2268 445 2358 praecipue
460 2261 527 2335 boc
541 2268 674 2336 bellurn
688 2269 936 2339 accenderunt.
987 2268 1057 2337 sea

60 2370 238 2454 debello,
263 2370 421 2461 inquies,
448 2368 535 2460 quid
552 2368 694 2438 dicam?
731 2366 826 2437 Num
843 2368 1060 2458 approbator

60 2495 123 2542 eru
145 2494 185 2539 ac
201 2470 388 2539 incitator?
431 2467 507 2538 lmo
525 2493 590 2539 nec
607 2470 714 2538 velim
729 2469 898 2539 incitator
913 2493 986 2539 esse
1001 2495 1058 2538 tn-

1572 1425 1579 1477 i
1597 1425 1728 1498 inscripto
1741 1429 1846 1485 duobus
1860 1434 1948 1501 foliis,
1998 1458 2047 1492 use
2060 1441 2110 1495 sd·

1215 2193 1300 2267 haec
1318 2201 1470 2270 scintilla
1489 2203 1570 2271 lidei
1588 2230 1730 2276 accensa
1748 2224 1819 2294 est,
1846 2226 1885 2283 ut
1905 2215 2102 2288 doctrinam
2157 2254 2158 2259 ¹

1110 2323 1230 2368 veram
1253 2302 1476 2392 amplectaris
1500 2319 1533 2372 et
1555 2330 1668 2392 ames,
1701 2308 1752 2377 ibi
1778 2337 1859 2380 vere
1881 2317 1978 2386 adest
1996 2316 2103 2406 Deus,

1110 2403 1284 2489 gubernat
1313 2403 1470 2473 studium
1500 2420 1534 2475 et
1562 2409 1804 2492 vocationem,
1840 2428 1874 2483 et
1901 2418 1961 2487 dat
1984 2420 2102 2491 felices

59 2571 188 2646 ,mina
220 2573 315 2641 bella
348 2571 550 2661 gerentibus
583 2572 640 2642 vel
670 2585 817 2664 propter
848 2572 1057 2641 iustissimas
1110 2517 1267 2573 eventus.
1311 2503 1431 2593 Quare
1447 2505 1583 2576 etiamsi
1601 2510 1755 2597 pericula
1771 2526 1830 2582 aut
1848 2518 1985 2587 adversi
2002 2545 2103 2592 casus

392 2681 394 2690 Ι
643 2675 652 2690 ,
827 2673 837 2690 ,
1109 2627 1175 2677 nos
1195 2608 1423 2676 deterrebunt
1437 2631 1456 2676 a
1472 2610 1689 2699 professione
1704 2637 1805 2683 verae
1821 2616 2021 2706 doctrinae,
2045 2637 2100 2692 ta-

56 2697 193 2746 tium·
243 2671 479 2765 ΒΕΡῙΟΥΕῙ11118
500 2697 566 2742 ¹¹⁰⁵
578 2687 696 2766 P⁰1¹⁰⁸
711 2674 945 2743 “damiatem
959 2698 1056 2772 ⁰⁰³¹?
1107 2731 1191 2777 men
1205 2732 1278 2776 non
1293 2708 1498 2797 frangantur
1513 2710 1652 2797 animis,
1667 2738 1732 2783 nec
1747 2716 1953 2790 abiiciamus
1968 2725 2103 2794 doctri-

60 2800 206 2847 munem
238 2771 435 2861 Ecclesiae,
471 2776 631 2844 dicamus
660 2799 800 2844 causam
832 2799 906 2844 esse
928 2769 1055 2845 harum
1107 2833 1211 2896 nam,
1238 2811 1496 2880 invocationem
1523 2827 1557 2882 e,
1576 2837 1672 2906 spem
1691 2817 1829 2904 auxilii,
1856 2819 2102 2913 quiahictm-

1474 2916 1580 2982 deum
1608 2917 1864 3007 opitulaturum
1890 2926 1993 2996 nobis
2016 2952 2100 3013 esse,

59 2878 283 2948 miseriarum
298 2877 418 2947 omnia
435 2892 571 2967 peccata
588 2878 626 2945 in
643 2891 792 2970 utraque
807 2891 920 2968 parte.
959 2875 1055 2946 Hor·
1109 2913 1206 2981 dim,
1236 2912 1441 3002 promissio,

60 2992 180 3050 temur
203 2981 393 3070 populum,
419 2992 461 3047 ut
484 2982 578 3050 veris
602 2994 637 3050 et
659 2979 866 3049 ardentibus
885 2980 978 3048 votis
993 3004 1053 3070 pa-

57 3105 136 3152 cem
160 3080 270 3151 ³9⁰⁰
295 3079 644 3196 Plamsslsalmfflm
661 3095 767 3171 Piial·
818 3077 1055 3198 Offmuslm‘
1107 3140 1175 3207 qua
1194 3116 1260 3207 ipsi
1277 3129 1374 3204 grata
1394 3117 1480 3185 liant
1495 3116 1532 3184 in
1550 3140 1675 3205 genere
1691 3113 1861 3195 humano.
1917 3123 2084 3217 Epicurei

55 3195 191 3263 tentes,
223 3193 263 3248 ut
282 3193 503 3249 autoritatem
528 3181 712 3250 conserant
732 3185 776 3250 ad
799 3185 1054 3251 restituendam
1105 3217 1267 3309 tyranni,
1293 3217 1402 3284 epam
1420 3217 1519 3307 impii
1538 3241 1608 3287 no„
1626 3221 1973 3312 fficiumgmpaneo·
2024 3182 2099 3300 sesi

53 3281 364 3374 “anqullllfflm
397 3278 1053 3400 HaecgraYileffeiqfflimdiei9⁰⁸·
1104 3313 1281 3400 Ecclesia,
1311 3317 1447 3386 etiamsi
1470 3319 1611 3388 videtur
1632 3321 1772 3393 inutilia
1794 3325 1907 3395 facere
1950 3344 1984 3398 et
2000 3334 2096 3400 varie

56 3395 154 3455 sunt.
205 3378 254 3450 Et
275 3384 432 3472 exempla
451 3377 559 3451 habes
574 3407 613 3450 sn
631 3378 778 3452 historia
794 3382 932 3472 Regum
948 3378 1052 3452 Iuda
1106 3421 1114 3436 ·
1915 3382 1925 3412 ²

57 3499 92 3557 et
104 3478 234 3553 Israel
276 3484 339 3551 ubi
358 3485 536 3553 dissuasor
557 3497 609 3552 est
633 3485 737 3553 etiam
759 3486 844 3553 iusti
861 3485 944 3553 belli
962 3483 1051 3553 Pro·
1104 3421 1314 3510 lmpedimr'
1345 3433 1462 3487 lamen
1486 3411 1678 3538 eiilabm‘i
1694 3438 1728 3491 ει
1744 3427 1935 3541 cerf³f¹¹l¹¹³
1948 3431 2097 3506 ⁸⁰⁵¹l¹¹⁰i

56 3581 180 3680 pheta,
214 3537 277 3678 qisi
302 3598 395 3653 vetat
418 3578 591 3652 Roboum
617 3585 749 3654 inferre
771 3586 905 3654 bellum
928 3590 1049 3655 decem
1104 3519 1312 3609 1³⁸⁰&th
1337 3532 1372 3590 ei
1388 3520 1553 3588 salmam
1573 3522 1696 3591 “mins
1712 3518 1929 3598 h⁰¹¹¹¹¹¹¹b¹¹⁸·

56 3687 241 3765 tribubus,
274 3708 364 3779 quae
386 3687 494 3779 abeo
511 3688 723 3758 defecerant.
773 3684 926 3774 Quodsi
944 3688 1048 3757 etiam
1579 3700 1619 3764 ll.

57 3789 126 3859 issu
149 3787 383 3857 discesserunt
401 3789 446 3856 ab
460 3788 567 3857 armis
584 3788 691 3857 vestri
708 3801 854 3878 propter
871 3790 1050 3876 brumam,
1302 3796 1366 3860 lob.
1382 3797 1434 3861 14.
1452 3797 1499 3880 (v.
1514 3797 1584 3879 23.)
1604 3801 1698 3879 inqttit
1713 3803 1811 3868 Filios
1827 3807 1899 3874 Dei:

57 3902 195 3982 iempus
208 3890 343 3983 aliquid
361 3889 498 3959 consilii
515 3889 581 3958 libi
596 3890 729 3960 afferet.
761 3888 935 3959 Paulatim
954 3893 1048 3959 enittt
1186 3897 1240 3965 leis
1255 3922 1302 3974 τις
1316 3896 1421 3985 ἀγαπᾷ
1436 3922 1492 3977 με,
1513 3899 1569 3962 τὸν
1584 3898 1676 3983 λόγον
1687 3925 1750 3980 μου
1764 3905 1909 3988 τηρήσει,
1931 3913 1980 3973 καὶ
1999 3908 2093 3976 ὅπα.

56 3991 168 4083 tuegis
194 3991 350 4082 conspici
372 3991 519 4082 poterit,
560 4015 606 4058 an
632 4014 713 4059 vere
733 3993 910 4061 affirment
930 3995 1049 4079 vestri,
1229 3979 2091 4093 vipaovfiaeniqoqirgiaspinositatsttaatpsaa,

57 4116 131 4165 non
155 4094 348 4186 quaesitam
374 4116 447 4161 esse
471 4087 539 4162 hoc
555 4092 652 4161 bello
670 4105 766 4161 moto
783 4094 1050 4185 oppressionem
1229 4094 1279 4133 ’ω’
1296 4091 1396 4148 poma
1410 4092 1495 4152 napa
1507 4093 1593 4157 aurp
1610 4095 1795 4185 ”⁰¹tfftwdft·

56 4195 237 4266 doctrinae
266 4192 505 4265 Ecclesiarum
534 4206 748 4263 nostrarum.
816 4194 925 4264 Vides
952 4199 1047 4264 enim
1203 4188 1305 4257 Hanc
1335 4187 1574 4258 dulcissimam
1598 4194 1869 4282 promissionem
1893 4221 2029 4287 semper
2051 4201 2089 4271 in

55 4309 225 4392 quantam
256 4296 441 4385 caliginem
462 4296 585 4365 multis
607 4295 801 4365 offuderint
821 4291 889 4364 hoc
910 4294 1048 4388 sophis-
1102 4303 1217 4361 mente
1231 4304 1265 4360 et
1282 4302 1421 4380 pectore
1434 4291 1619 4361 nobiscum
1635 4295 1930 4382 circumferamus,
1947 4315 1980 4369 et
1995 4316 2091 4373 certo

52 4411 166 4484 uste,
199 4410 240 4469 ut
272 4392 507 4467 distraherent
535 4391 792 4472 Germaniam.
855 4395 927 4467 Sed
952 4397 1048 4469 Deus
1100 4408 1311 4474 statuamus,
1336 4387 1530 4461 Ecclesiam
1548 4407 1581 4462 et
1597 4395 1816 4464 domicilium
1834 4398 1891 4466 dei
1910 4422 2002 4485 esse,
2025 4429 2091 4474 nos

54 4496 169 4573 intus
192 4499 298 4570 iudex
320 4494 384 4570 καὶ
403 4491 705 4599 καρδιογνώστης
719 4499 905 4592 patefaciet
919 4502 1047 4570 volun·
1102 4496 1213 4588 ipsos,
1242 4493 1305 4588 qui
1336 4494 1534 4563 doctrinam
1563 4520 1582 4562 a
1605 4497 1672 4564 deo
1697 4495 1867 4567 traditum
1890 4525 1954 4592 per
1975 4503 2090 4577 filium

56 4602 383 4691 lstessiogulorum.
408 4601 445 4670 st
457 4602 631 4672 constabit
645 4603 767 4695 quaeri
784 4604 1047 4694 oppressionem
1099 4598 1267 4686 legimus,
1291 4594 1468 4680 audimus,
1494 4597 1672 4680 discimus,
1700 4598 1946 4688 amplectimur
1959 4621 1993 4678 et
2006 4633 2091 4699 pro·

56 4700 488 4775 doctrinaeEcclesiarum
512 4698 733 4789 nostrarum,
758 4703 861 4774 facile
876 4703 1049 4777 iudicabis
1102 4723 1226 4790 pagare
1259 4698 1452 4768 studemus.
1515 4694 1593 4766 Hoc
1627 4697 1848 4770 domicilium
1884 4728 1987 4776 suum
2015 4712 2090 4781 vult

55 4806 141 4901 quid
163 4806 231 4877 tibi
251 4806 451 4879 faciendum
468 4806 531 4891 sit;
559 4805 740 4890 monebis,
770 4818 810 4874 ut
824 4818 947 4894 antea,
971 4831 1047 4876 eam
1102 4800 1198 4871 Deus
1221 4821 1340 4888 regere
1365 4798 1494 4891 spiritu
1516 4809 1636 4866 sancto
1660 4821 1743 4885 suo,
1768 4817 1804 4872 et
1825 4806 2033 4891 defendere,
2059 4826 2093 4883 et

8 4936 10 4980 ;
58 4909 318 5002 oppressionem
341 4931 415 4975 non
437 4931 510 4976 esse
530 4908 781 4981 adiuvandam.
832 4901 869 4978 Ο
890 4933 965 4977 rens
983 4909 1048 4980 tri·
1103 4905 1196 4979 luce,
1231 4899 1363 4968 iustitia
1384 4913 1418 4968 el
1439 4900 1511 4968 vlla
1525 4910 1664 4969 aelerna
1679 4902 1824 4974 donare·
1875 4906 2095 4996 Quaeramus

57 5022 162 5097 amn,
184 5004 373 5080 horribilia
394 5009 583 5100 parricidia
605 5022 718 5082 astute
738 5007 1049 5104 cogitatissopbis-
1104 5005 1210 5095 igitur
1224 4997 1351 5070 'Deum
1383 5022 1459 5071 non
1492 5000 1529 5068 in
1564 5000 1644 5070 aliis
1670 5006 1970 5096 speculationibus
1999 5026 2093 5083 extra

1102 5099 1357 5192 Evangelium,
1387 5102 1446 5172 sed
1470 5101 1693 5193 praelucente
1707 5102 1922 5200 Evangelio,
1946 5137 2011 5183 nec
2027 5116 2094 5187 du.

68 5175 263 5195 μ

88 5266 118 5329 i)
137 5259 211 5320 cot.
226 5259 341 5316 Monac.
358 5259 402 5317 87.
415 5257 505 5314 addite
522 5261 623 5327 brum-
1107 5257 1312 5274 ··“··“··“““

86 5350 117 5420 2)
133 5347 206 5406 cod.
219 5346 299 5402 Mott-
314 5344 357 5404 87.
372 5344 464 5412 addite
486 5354 559 5400 otte.
1142 5346 1173 5412 8)
1192 5344 1272 5399 Bene
1287 5344 1350 5395 vole
1363 5372 1399 5386 -
1411 5344 1591 5410 Melanthum]
1609 5343 1705 5400 desunt
1719 5346 1790 5402 lituo
1804 5347 1841 5403 ῃ,

54 5424 352 5497 Ιηιιτώηιι.
381 5422 536 5488 Vos..Vl.
1265 5419 1315 5492 20

1108 3038 1153 3082 ne
1174 3015 1245 3084 sint
1269 3014 1361 3082 irriti
1384 3016 1533 3083 labores.
1587 3015 1669 3086 ldeo
1691 3033 1806 3088 autem
1831 3022 1947 3104 iuvat,
1973 3040 2014 3096 ut
2030 3029 2097 3096 ali·
2203 3073 2208 3079 -
