<?xml version="1.0" encoding="UTF-8"?>
<!DOCTYPE html PUBLIC "-//W3C//DTD XHTML 1.0 Transitional//EN"
    "http://www.w3.org/TR/xhtml1/DTD/xhtml1-transitional.dtd">
<html xmlns="http://www.w3.org/1999/xhtml" xml:lang="en" lang="en">
 <head>
  <title>
</title>
<meta http-equiv="Content-Type" content="text/html;charset=utf-8" />
  <meta name='ocr-system' content='tesseract 3.04.00' />
  <meta name='ocr-capabilities' content='ocr_page ocr_carea ocr_par ocr_line ocrx_word'/>
</head>
<body>
  <div class='ocr_page' id='page_1' title='image "./philippimelanth15melagoog/philippimelanth15melagoog_0123.png"; bbox 0 0 4734 6000; ppageno 0'>
   <div class='ocr_carea' id='block_1_1' title="bbox 28 3795 1136 3894">
    <p class='ocr_par' dir='ltr' id='par_1_1' title="bbox 28 3795 1136 3894">
     <span class='ocr_line' id='line_1_1' title="bbox 28 3795 1136 3894; baseline -0.012 -16"><span class='ocrx_word' id='word_1_1' title='bbox 28 3850 30 3855; x_wconf 58' lang='lat'>&lt;</span> <span class='ocrx_word' id='word_1_2' title='bbox 152 3813 230 3883; x_wconf 82' lang='lat' dir='ltr'><strong>lore</strong></span> <span class='ocrx_word' id='word_1_3' title='bbox 250 3806 296 3876; x_wconf 90' lang='lat' dir='ltr'><strong>ad</strong></span> <span class='ocrx_word' id='word_1_4' title='bbox 317 3798 578 3894; x_wconf 78' lang='lat' dir='ltr'><strong>propagandam</strong></span> <span class='ocrx_word' id='word_1_5' title='bbox 599 3817 719 3864; x_wconf 80' lang='lat' dir='ltr'><strong>veram</strong></span> <span class='ocrx_word' id='word_1_6' title='bbox 742 3807 776 3864; x_wconf 86' lang='lat' dir='ltr'><strong>et</strong></span> <span class='ocrx_word' id='word_1_7' title='bbox 794 3795 984 3864; x_wconf 88' lang='lat' dir='ltr'><strong>salutarem</strong></span> <span class='ocrx_word' id='word_1_8' title='bbox 1007 3796 1136 3865; x_wconf 88' lang='lat' dir='ltr'><strong>doctri-</strong></span> 
     </span>
    </p>
   </div>
   <div class='ocr_carea' id='block_1_2' title="bbox 75 162 2184 295">
    <p class='ocr_par' dir='ltr' id='par_1_2' title="bbox 75 162 2184 295">
     <span class='ocr_line' id='line_1_2' title="bbox 75 162 2184 295; baseline -0.009 0"><span class='ocrx_word' id='word_1_9' title='bbox 75 162 88 187; x_wconf 83' lang='grc'><strong>’</strong></span> <span class='ocrx_word' id='word_1_10' title='bbox 148 221 221 295; x_wconf 79' lang='lat' dir='ltr'><strong>tos</strong></span> <span class='ocrx_word' id='word_1_11' title='bbox 739 209 1180 290; x_wconf 79' lang='lat' dir='ltr'><strong>arrsronaaun</strong></span> <span class='ocrx_word' id='word_1_12' title='bbox 1238 208 1343 286; x_wconf 81' lang='lat' dir='ltr'><strong>ura.</strong></span> <span class='ocrx_word' id='word_1_13' title='bbox 1375 208 1419 281; x_wconf 75' lang='lat' dir='ltr'><strong>u</strong></span> <span class='ocrx_word' id='word_1_14' title='bbox 1473 205 1603 290; x_wconf 76' lang='lat' dir='ltr'><strong>tato.</strong></span> <span class='ocrx_word' id='word_1_15' title='bbox 2103 219 2184 288; x_wconf 47' lang='grc' dir='ltr'><strong>κιο</strong></span> 
     </span>
    </p>
   </div>
   <div class='ocr_carea' id='block_1_3' title="bbox 84 382 2228 3798">
    <p class='ocr_par' dir='ltr' id='par_1_3' title="bbox 146 382 2185 1186">
     <span class='ocr_line' id='line_1_3' title="bbox 146 382 2184 474; baseline -0.004 -11"><span class='ocrx_word' id='word_1_16' title='bbox 146 395 297 464; x_wconf 89' lang='lat' dir='ltr'><strong>ctrinam</strong></span> <span class='ocrx_word' id='word_1_17' title='bbox 313 395 495 464; x_wconf 86' lang='lat' dir='ltr'><strong>coelestem</strong></span> <span class='ocrx_word' id='word_1_18' title='bbox 512 404 604 460; x_wconf 89' lang='lat' dir='ltr'><strong>recte</strong></span> <span class='ocrx_word' id='word_1_19' title='bbox 623 401 755 472; x_wconf 88' lang='lat' dir='ltr'><strong>teneat,</strong></span> <span class='ocrx_word' id='word_1_20' title='bbox 781 403 815 459; x_wconf 92' lang='lat' dir='ltr'><strong>et</strong></span> <span class='ocrx_word' id='word_1_21' title='bbox 830 384 1054 457; x_wconf 82' lang='lat' dir='ltr'>concordiam</span> <span class='ocrx_word' id='word_1_22' title='bbox 1071 406 1138 474; x_wconf 90' lang='lat' dir='ltr'><strong>pu-</strong></span> <span class='ocrx_word' id='word_1_23' title='bbox 1191 404 1279 466; x_wconf 84' lang='lat' dir='ltr'><strong>nus,</strong></span> <span class='ocrx_word' id='word_1_24' title='bbox 1306 385 1401 474; x_wconf 90' lang='lat' dir='ltr'><strong>quod</strong></span> <span class='ocrx_word' id='word_1_25' title='bbox 1425 382 1577 451; x_wconf 82' lang='lat' dir='ltr'>libenter</span> <span class='ocrx_word' id='word_1_26' title='bbox 1601 384 1631 451; x_wconf 89' lang='lat' dir='ltr'><strong>ei</strong></span> <span class='ocrx_word' id='word_1_27' title='bbox 1652 383 1921 474; x_wconf 78' lang='lat' dir='ltr'><strong>impertivimus.</strong></span> <span class='ocrx_word' id='word_1_28' title='bbox 1972 384 2069 456; x_wconf 81' lang='lat' dir='ltr'><strong>Vixit</strong></span> <span class='ocrx_word' id='word_1_29' title='bbox 2086 386 2184 461; x_wconf 84' lang='lat' dir='ltr'><strong>enim</strong></span> 
     </span>
     <span class='ocr_line' id='line_1_4' title="bbox 146 478 2183 582; baseline -0.004 -18"><span class='ocrx_word' id='word_1_30' title='bbox 146 497 276 564; x_wconf 78' lang='lat' dir='ltr'><strong>blicam</strong></span> <span class='ocrx_word' id='word_1_31' title='bbox 295 510 328 563; x_wconf 92' lang='lat' dir='ltr'><strong>et</strong></span> <span class='ocrx_word' id='word_1_32' title='bbox 345 517 464 582; x_wconf 82' lang='lat' dir='ltr'><strong>pacem</strong></span> <span class='ocrx_word' id='word_1_33' title='bbox 482 492 583 557; x_wconf 88' lang='lat' dir='ltr'><strong>valde</strong></span> <span class='ocrx_word' id='word_1_34' title='bbox 601 503 707 568; x_wconf 89' lang='lat' dir='ltr'><strong>amet,</strong></span> <span class='ocrx_word' id='word_1_35' title='bbox 733 511 862 578; x_wconf 90' lang='lat' dir='ltr'><strong>magno</strong></span> <span class='ocrx_word' id='word_1_36' title='bbox 882 487 961 557; x_wconf 92' lang='lat' dir='ltr'><strong>usui</strong></span> <span class='ocrx_word' id='word_1_37' title='bbox 979 487 1138 555; x_wconf 82' lang='lat' dir='ltr'><strong>futurum</strong></span> <span class='ocrx_word' id='word_1_38' title='bbox 1191 478 1249 551; x_wconf 93' lang='lat' dir='ltr'><strong>hic</strong></span> <span class='ocrx_word' id='word_1_39' title='bbox 1274 483 1543 574; x_wconf 90' lang='lat' dir='ltr'><strong>sesquiannum‚</strong></span> <span class='ocrx_word' id='word_1_40' title='bbox 1575 508 1646 576; x_wconf 91' lang='lat' dir='ltr'><strong>quo</strong></span> <span class='ocrx_word' id='word_1_41' title='bbox 1671 498 1829 577; x_wconf 90' lang='lat' dir='ltr'><strong>tempore</strong></span> <span class='ocrx_word' id='word_1_42' title='bbox 1850 489 2079 575; x_wconf 89' lang='lat' dir='ltr'><strong>cognovimus</strong></span> <span class='ocrx_word' id='word_1_43' title='bbox 2098 510 2183 557; x_wconf 89' lang='lat' dir='ltr'><strong>eum</strong></span> 
     </span>
     <span class='ocr_line' id='line_1_5' title="bbox 148 583 2184 679; baseline -0.005 -14"><span class='ocrx_word' id='word_1_44' title='bbox 148 619 232 668; x_wconf 90' lang='lat' dir='ltr'><strong>esse.</strong></span> <span class='ocrx_word' id='word_1_45' title='bbox 282 594 402 679; x_wconf 82' lang='lat' dir='ltr'>Quare</span> <span class='ocrx_word' id='word_1_46' title='bbox 423 587 739 659; x_wconf 88' lang='lat' dir='ltr'><strong>hortamur&#39;etiam</strong></span> <span class='ocrx_word' id='word_1_47' title='bbox 756 586 923 660; x_wconf 89' lang='lat' dir='ltr'><strong>honestos</strong></span> <span class='ocrx_word' id='word_1_48' title='bbox 940 587 1053 669; x_wconf 91' lang='lat' dir='ltr'><strong>viros,</strong></span> <span class='ocrx_word' id='word_1_49' title='bbox 1078 583 1139 676; x_wconf 89' lang='lat' dir='ltr'><strong>qui</strong></span> <span class='ocrx_word' id='word_1_50' title='bbox 1191 583 1261 650; x_wconf 89' lang='lat' dir='ltr'><strong>vita</strong></span> <span class='ocrx_word' id='word_1_51' title='bbox 1279 583 1412 670; x_wconf 86' lang='lat' dir='ltr'><strong>integra</strong></span> <span class='ocrx_word' id='word_1_52' title='bbox 1428 598 1462 653; x_wconf 92' lang='lat' dir='ltr'><strong>et</strong></span> <span class='ocrx_word' id='word_1_53' title='bbox 1476 585 1655 676; x_wconf 89' lang='lat' dir='ltr'><strong>inculpata</strong></span> <span class='ocrx_word' id='word_1_54' title='bbox 1670 609 1752 670; x_wconf 88' lang='lat' dir='ltr'><strong>esse,</strong></span> <span class='ocrx_word' id='word_1_55' title='bbox 1774 601 1808 655; x_wconf 91' lang='lat' dir='ltr'><strong>et</strong></span> <span class='ocrx_word' id='word_1_56' title='bbox 1824 588 1860 654; x_wconf 91' lang='lat' dir='ltr'><strong>in</strong></span> <span class='ocrx_word' id='word_1_57' title='bbox 1876 590 2000 656; x_wconf 91' lang='lat' dir='ltr'><strong>studiis</strong></span> <span class='ocrx_word' id='word_1_58' title='bbox 2015 611 2184 677; x_wconf 89' lang='lat' dir='ltr'><strong>magnam</strong></span> 
     </span>
     <span class='ocr_line' id='line_1_6' title="bbox 149 683 2183 782; baseline -0.003 -18"><span class='ocrx_word' id='word_1_59' title='bbox 149 720 245 764; x_wconf 89' lang='lat' dir='ltr'><strong>arma</strong></span> <span class='ocrx_word' id='word_1_60' title='bbox 267 705 393 779; x_wconf 88' lang='lat' dir='ltr'><strong>gerunt</strong></span> <span class='ocrx_word' id='word_1_61' title='bbox 417 716 481 782; x_wconf 91' lang='lat' dir='ltr'><strong>pro</strong></span> <span class='ocrx_word' id='word_1_62' title='bbox 506 692 616 761; x_wconf 89' lang='lat' dir='ltr'><strong>salute</strong></span> <span class='ocrx_word' id='word_1_63' title='bbox 641 690 802 780; x_wconf 90' lang='lat' dir='ltr'><strong>publica,</strong></span> <span class='ocrx_word' id='word_1_64' title='bbox 841 704 881 761; x_wconf 91' lang='lat' dir='ltr'><strong>ut</strong></span> <span class='ocrx_word' id='word_1_65' title='bbox 909 712 990 757; x_wconf 90' lang='lat' dir='ltr'><strong>eum</strong></span> <span class='ocrx_word' id='word_1_66' title='bbox 1019 686 1141 754; x_wconf 83' lang='lat' dir='ltr'><strong>defen·</strong></span> <span class='ocrx_word' id='word_1_67' title='bbox 1191 683 1432 752; x_wconf 78' lang='lat' dir='ltr'><strong>assiduitatem</strong></span> <span class='ocrx_word' id='word_1_68' title='bbox 1457 686 1685 775; x_wconf 87' lang='lat' dir='ltr'><strong>praestitisse;</strong></span> <span class='ocrx_word' id='word_1_69' title='bbox 1719 688 1894 756; x_wconf 91' lang='lat' dir='ltr'><strong>audivisse</strong></span> <span class='ocrx_word' id='word_1_70' title='bbox 1910 712 2036 777; x_wconf 90' lang='lat' dir='ltr'><strong>magno</strong></span> <span class='ocrx_word' id='word_1_71' title='bbox 2053 692 2183 757; x_wconf 90' lang='lat' dir='ltr'><strong>ardore</strong></span> 
     </span>
     <span class='ocr_line' id='line_1_7' title="bbox 149 785 2185 884; baseline -0.003 -21"><span class='ocrx_word' id='word_1_72' title='bbox 149 799 253 874; x_wconf 91' lang='lat' dir='ltr'><strong>dant,</strong></span> <span class='ocrx_word' id='word_1_73' title='bbox 279 804 313 860; x_wconf 90' lang='lat' dir='ltr'><strong>et</strong></span> <span class='ocrx_word' id='word_1_74' title='bbox 333 791 440 877; x_wconf 90' lang='lat' dir='ltr'><strong>alios,</strong></span> <span class='ocrx_word' id='word_1_75' title='bbox 467 793 527 884; x_wconf 89' lang='lat' dir='ltr'><strong>qui</strong></span> <span class='ocrx_word' id='word_1_76' title='bbox 552 791 806 883; x_wconf 86' lang='lat' dir='ltr'><strong>rempublicam</strong></span> <span class='ocrx_word' id='word_1_77' title='bbox 830 801 977 877; x_wconf 88' lang='lat' dir='ltr'><strong>regunt,</strong></span> <span class='ocrx_word' id='word_1_78' title='bbox 1002 802 1042 857; x_wconf 92' lang='lat' dir='ltr'><strong>ut</strong></span> <span class='ocrx_word' id='word_1_79' title='bbox 1060 810 1140 854; x_wconf 90' lang='lat' dir='ltr'><strong>eum</strong></span> <span class='ocrx_word' id='word_1_80' title='bbox 1191 785 1405 874; x_wconf 78' lang='lat' dir='ltr'><strong>professores</strong></span> <span class='ocrx_word' id='word_1_81' title='bbox 1428 787 1600 853; x_wconf 89' lang='lat' dir='ltr'><strong>bonarum</strong></span> <span class='ocrx_word' id='word_1_82' title='bbox 1625 788 1753 855; x_wconf 86' lang='lat' dir='ltr'><strong>artium</strong></span> <span class='ocrx_word' id='word_1_83' title='bbox 1776 789 1814 856; x_wconf 92' lang='lat' dir='ltr'><strong>in</strong></span> <span class='ocrx_word' id='word_1_84' title='bbox 1837 804 1956 859; x_wconf 89' lang='lat' dir='ltr'><strong>nostra</strong></span> <span class='ocrx_word' id='word_1_85' title='bbox 1978 785 2185 874; x_wconf 79' lang='lat' dir='ltr'><strong>Academia,</strong></span> 
     </span>
     <span class='ocr_line' id='line_1_8' title="bbox 149 884 2185 984; baseline -0.002 -21"><span class='ocrx_word' id='word_1_86' title='bbox 149 894 428 984; x_wconf 85' lang='lat' dir='ltr'><strong>complectantur</strong></span> <span class='ocrx_word' id='word_1_87' title='bbox 444 908 477 963; x_wconf 90' lang='lat' dir='ltr'><strong>et</strong></span> <span class='ocrx_word' id='word_1_88' title='bbox 492 893 671 963; x_wconf 87' lang='lat' dir='ltr'><strong>adiuvent.</strong></span> <span class='ocrx_word' id='word_1_89' title='bbox 712 895 825 963; x_wconf 87' lang='lat' dir='ltr'><strong>Datae</strong></span> <span class='ocrx_word' id='word_1_90' title='bbox 841 889 1141 976; x_wconf 85' lang='lat' dir='ltr'><strong>Wittembergae,</strong></span> <span class='ocrx_word' id='word_1_91' title='bbox 1192 898 1226 953; x_wconf 86' lang='lat' dir='ltr'><strong>et</strong></span> <span class='ocrx_word' id='word_1_92' title='bbox 1242 886 1427 976; x_wconf 86' lang='lat' dir='ltr'><strong>praecipue</strong></span> <span class='ocrx_word' id='word_1_93' title='bbox 1441 887 1611 971; x_wconf 90' lang='lat' dir='ltr'><strong>doctores,</strong></span> <span class='ocrx_word' id='word_1_94' title='bbox 1637 889 1699 978; x_wconf 89' lang='lat' dir='ltr'><strong>qui</strong></span> <span class='ocrx_word' id='word_1_95' title='bbox 1715 884 1919 979; x_wconf 87' lang='lat' dir='ltr'><strong>theologicis</strong></span> <span class='ocrx_word' id='word_1_96' title='bbox 1936 890 2061 959; x_wconf 89' lang='lat' dir='ltr'><strong>studiis</strong></span> <span class='ocrx_word' id='word_1_97' title='bbox 2079 914 2185 980; x_wconf 88' lang='lat' dir='ltr'><strong>prae-</strong></span> 
     </span>
     <span class='ocr_line' id='line_1_9' title="bbox 150 982 2184 1081; baseline -0.001 -17"><span class='ocrx_word' id='word_1_98' title='bbox 150 995 205 1064; x_wconf 94' lang='lat' dir='ltr'><strong>die</strong></span> <span class='ocrx_word' id='word_1_99' title='bbox 228 991 284 1065; x_wconf 85' lang='lat'><strong>15.</strong></span> <span class='ocrx_word' id='word_1_100' title='bbox 303 992 406 1081; x_wconf 87' lang='lat' dir='ltr'><strong>tulii,</strong></span> <span class='ocrx_word' id='word_1_101' title='bbox 431 992 654 1067; x_wconf 77' lang='lat' dir='ltr'><strong>ann01546.</strong></span> <span class='ocrx_word' id='word_1_102' title='bbox 1192 999 1285 1055; x_wconf 91' lang='lat' dir='ltr'><strong>sunt.</strong></span> <span class='ocrx_word' id='word_1_103' title='bbox 1337 983 1459 1077; x_wconf 89' lang='lat' dir='ltr'><strong>Itaque</strong></span> <span class='ocrx_word' id='word_1_104' title='bbox 1483 982 1576 1053; x_wconf 92' lang='lat' dir='ltr'><strong>nihil</strong></span> <span class='ocrx_word' id='word_1_105' title='bbox 1601 989 1822 1074; x_wconf 88' lang='lat' dir='ltr'><strong>dubitamus,</strong></span> <span class='ocrx_word' id='word_1_106' title='bbox 1855 1016 1934 1059; x_wconf 91' lang='lat' dir='ltr'><strong>eum</strong></span> <span class='ocrx_word' id='word_1_107' title='bbox 1953 1005 2044 1059; x_wconf 91' lang='lat' dir='ltr'><strong>recte</strong></span> <span class='ocrx_word' id='word_1_108' title='bbox 2063 1006 2184 1062; x_wconf 88' lang='lat' dir='ltr'><strong>tenere</strong></span> 
     </span>
     <span class='ocr_line' id='line_1_10' title="bbox 1192 1084 2184 1186; baseline 0.007 -31"><span class='ocrx_word' id='word_1_109' title='bbox 1192 1109 1367 1155; x_wconf 90' lang='lat' dir='ltr'><strong>summam</strong></span> <span class='ocrx_word' id='word_1_110' title='bbox 1398 1086 1578 1154; x_wconf 88' lang='lat' dir='ltr'><strong>doctrinae</strong></span> <span class='ocrx_word' id='word_1_111' title='bbox 1610 1084 1842 1175; x_wconf 87' lang='lat' dir='ltr'><strong>christianae,</strong></span> <span class='ocrx_word' id='word_1_112' title='bbox 1875 1117 1914 1160; x_wconf 90' lang='lat' dir='ltr'><strong>ac</strong></span> <span class='ocrx_word' id='word_1_113' title='bbox 1937 1094 1981 1159; x_wconf 94' lang='lat' dir='ltr'><strong>de</strong></span> <span class='ocrx_word' id='word_1_114' title='bbox 2002 1093 2184 1186; x_wconf 89' lang='lat' dir='ltr'><strong>plerisque</strong></span> 
     </span>
    </p>

    <p class='ocr_par' dir='ltr' id='par_1_4' title="bbox 1193 1186 2185 1281">
     <span class='ocr_line' id='line_1_11' title="bbox 1193 1186 2185 1281; baseline 0.01 -28"><span class='ocrx_word' id='word_1_115' title='bbox 1193 1187 1443 1267; x_wconf 84' lang='lat' dir='ltr'><strong>controversiis</strong></span> <span class='ocrx_word' id='word_1_116' title='bbox 1461 1186 1644 1274; x_wconf 87' lang='lat' dir='ltr'><strong>religionis</strong></span> <span class='ocrx_word' id='word_1_117' title='bbox 1660 1213 1761 1276; x_wconf 91' lang='lat' dir='ltr'><strong>posse</strong></span> <span class='ocrx_word' id='word_1_118' title='bbox 1777 1216 1856 1262; x_wconf 90' lang='lat' dir='ltr'><strong>eum</strong></span> <span class='ocrx_word' id='word_1_119' title='bbox 1875 1195 1995 1260; x_wconf 85' lang='lat' dir='ltr'><strong>dextre</strong></span> <span class='ocrx_word' id='word_1_120' title='bbox 2014 1194 2185 1281; x_wconf 90' lang='lat' dir='ltr'><strong>iudicare,</strong></span> 
     </span>
    </p>

    <p class='ocr_par' dir='ltr' id='par_1_5' title="bbox 156 1283 2211 1591">
     <span class='ocr_line' id='line_1_12' title="bbox 161 1283 2184 1383; baseline -0.001 -16"><span class='ocrx_word' id='word_1_121' title='bbox 161 1294 231 1367; x_wconf 86' lang='lat' dir='ltr'><strong>No.</strong></span> <span class='ocrx_word' id='word_1_122' title='bbox 249 1291 361 1369; x_wconf 76' lang='lat' dir='ltr'><strong>sota.</strong></span> <span class='ocrx_word' id='word_1_123' title='bbox 1006 1300 1067 1364; x_wconf 88' lang='lat'><strong>15.</strong></span> <span class='ocrx_word' id='word_1_124' title='bbox 1079 1292 1140 1359; x_wconf 90' lang='lat' dir='ltr'><strong>lut.</strong></span> <span class='ocrx_word' id='word_1_125' title='bbox 1193 1301 1226 1356; x_wconf 90' lang='lat' dir='ltr'><strong>et</strong></span> <span class='ocrx_word' id='word_1_126' title='bbox 1243 1287 1378 1357; x_wconf 88' lang='lat' dir='ltr'><strong>utiliter</strong></span> <span class='ocrx_word' id='word_1_127' title='bbox 1390 1288 1521 1357; x_wconf 90' lang='lat' dir='ltr'><strong>servire</strong></span> <span class='ocrx_word' id='word_1_128' title='bbox 1537 1283 1711 1358; x_wconf 82' lang='lat' dir='ltr'><strong>Ecclesiae</strong></span> <span class='ocrx_word' id='word_1_129' title='bbox 1727 1291 1763 1358; x_wconf 93' lang='lat' dir='ltr'><strong>in</strong></span> <span class='ocrx_word' id='word_1_130' title='bbox 1780 1295 2006 1383; x_wconf 88' lang='lat' dir='ltr'><strong>propaganda</strong></span> <span class='ocrx_word' id='word_1_131' title='bbox 2020 1295 2184 1365; x_wconf 85' lang='lat' dir='ltr'><strong>doctrina</strong></span> 
     </span>
     <span class='ocr_line' id='line_1_13' title="bbox 156 1383 2183 1482; baseline 0.002 -21"><span class='ocrx_word' id='word_1_132' title='bbox 156 1393 368 1426; x_wconf 50' lang='grc' dir='ltr'><strong>Μ</strong></span> <span class='ocrx_word' id='word_1_133' title='bbox 597 1446 605 1463; x_wconf 89' lang='grc'><strong>.</strong></span> <span class='ocrx_word' id='word_1_134' title='bbox 714 1446 721 1463; x_wconf 93' lang='grc'><strong>.</strong></span> <span class='ocrx_word' id='word_1_135' title='bbox 1004 1389 1140 1417; x_wconf 53' lang='lat'><strong>*⁶*</strong></span> <span class='ocrx_word' id='word_1_136' title='bbox 1192 1383 1433 1458; x_wconf 88' lang='lat' dir='ltr'><strong>Ecclesiastica</strong></span> <span class='ocrx_word' id='word_1_137' title='bbox 1455 1391 1499 1458; x_wconf 90' lang='lat' dir='ltr'><strong>de</strong></span> <span class='ocrx_word' id='word_1_138' title='bbox 1519 1389 1736 1480; x_wconf 89' lang='lat' dir='ltr'><strong>poenitentia</strong></span> <span class='ocrx_word' id='word_1_139' title='bbox 1751 1406 1785 1460; x_wconf 90' lang='lat' dir='ltr'><strong>et</strong></span> <span class='ocrx_word' id='word_1_140' title='bbox 1800 1395 2007 1463; x_wconf 92' lang='lat' dir='ltr'><strong>remissione</strong></span> <span class='ocrx_word' id='word_1_141' title='bbox 2021 1410 2183 1482; x_wconf 89' lang='lat' dir='ltr'><strong>peccato-</strong></span> 
     </span>
     <span class='ocr_line' id='line_1_14' title="bbox 471 1443 2211 1591; baseline 0.003 -30"><span class='ocrx_word' id='word_1_142' title='bbox 471 1443 808 1527; x_wconf 47' lang='lat' dir='ltr'><strong>*Te‘itlmomm</strong></span> <span class='ocrx_word' id='word_1_143' title='bbox 1192 1514 1271 1557; x_wconf 91' lang='lat' dir='ltr'><strong>rum</strong></span> <span class='ocrx_word' id='word_1_144' title='bbox 1286 1491 1435 1577; x_wconf 89' lang='lat' dir='ltr'><strong>gratuita</strong></span> <span class='ocrx_word' id='word_1_145' title='bbox 1451 1504 1594 1582; x_wconf 90' lang='lat' dir='ltr'><strong>propter</strong></span> <span class='ocrx_word' id='word_1_146' title='bbox 1608 1486 1788 1561; x_wconf 88' lang='lat' dir='ltr'><strong>Christum</strong></span> <span class='ocrx_word' id='word_1_147' title='bbox 1807 1489 1961 1564; x_wconf 89' lang='lat' dir='ltr'><strong>humano</strong></span> <span class='ocrx_word' id='word_1_148' title='bbox 1977 1499 2098 1584; x_wconf 84' lang='lat' dir='ltr'><strong>generi</strong></span> <span class='ocrx_word' id='word_1_149' title='bbox 2116 1499 2185 1567; x_wconf 90' lang='lat' dir='ltr'><strong>do·</strong></span> <span class='ocrx_word' id='word_1_150' title='bbox 2205 1582 2211 1591; x_wconf 29' lang='grc'>1</span> 
     </span>
    </p>

    <p class='ocr_par' dir='ltr' id='par_1_6' title="bbox 221 1588 2228 1689">
     <span class='ocr_line' id='line_1_15' title="bbox 221 1588 2228 1689; baseline 0.002 -26"><span class='ocrx_word' id='word_1_151' title='bbox 221 1613 241 1676; x_wconf 67' lang='lat'><strong>³5</strong></span> <span class='ocrx_word' id='word_1_152' title='bbox 258 1606 296 1663; x_wconf 76' lang='grc' dir='ltr'><strong>Ει</strong></span> <span class='ocrx_word' id='word_1_153' title='bbox 307 1607 461 1682; x_wconf 73' lang='lat' dir='ltr'><strong>apographo</strong></span> <span class='ocrx_word' id='word_1_154' title='bbox 474 1605 502 1659; x_wconf 84' lang='lat' dir='ltr'><strong>tn</strong></span> <span class='ocrx_word' id='word_1_155' title='bbox 515 1606 577 1662; x_wconf 82' lang='lat' dir='ltr'><strong>cod.</strong></span> <span class='ocrx_word' id='word_1_156' title='bbox 593 1606 703 1661; x_wconf 78' lang='lat' dir='ltr'><strong>Monac.</strong></span> <span class='ocrx_word' id='word_1_157' title='bbox 717 1603 910 1660; x_wconf 85' lang='lat' dir='ltr'><strong>90.N0.V11.</strong></span> <span class='ocrx_word' id='word_1_158' title='bbox 928 1621 955 1675; x_wconf 84' lang='lat' dir='ltr'><strong>p.</strong></span> <span class='ocrx_word' id='word_1_159' title='bbox 966 1600 1028 1656; x_wconf 74' lang='lat'><strong>889.</strong></span> <span class='ocrx_word' id='word_1_160' title='bbox 1192 1603 1290 1674; x_wconf 91' lang='lat' dir='ltr'><strong>nata,</strong></span> <span class='ocrx_word' id='word_1_161' title='bbox 1317 1615 1355 1660; x_wconf 90' lang='lat' dir='ltr'><strong>ac</strong></span> <span class='ocrx_word' id='word_1_162' title='bbox 1371 1593 1519 1674; x_wconf 91' lang='lat' dir='ltr'><strong>scimus,</strong></span> <span class='ocrx_word' id='word_1_163' title='bbox 1545 1614 1625 1660; x_wconf 90' lang='lat' dir='ltr'><strong>eum</strong></span> <span class='ocrx_word' id='word_1_164' title='bbox 1643 1588 1834 1663; x_wconf 82' lang='lat' dir='ltr'><strong>abhorrere</strong></span> <span class='ocrx_word' id='word_1_165' title='bbox 1850 1599 1896 1665; x_wconf 90' lang='lat' dir='ltr'><strong>ab</strong></span> <span class='ocrx_word' id='word_1_166' title='bbox 1914 1597 2081 1667; x_wconf 89' lang='lat' dir='ltr'><strong>omnihus</strong></span> <span class='ocrx_word' id='word_1_167' title='bbox 2098 1623 2184 1689; x_wconf 90' lang='lat' dir='ltr'><strong>pro·</strong></span> <span class='ocrx_word' id='word_1_168' title='bbox 2225 1602 2228 1607; x_wconf 80' lang='grc'><strong>’</strong></span> 
     </span>
    </p>

    <p class='ocr_par' dir='ltr' id='par_1_7' title="bbox 592 1685 2184 1791">
     <span class='ocr_line' id='line_1_16' title="bbox 592 1685 2184 1791; baseline 0.011 -39"><span class='ocrx_word' id='word_1_169' title='bbox 592 1756 599 1773; x_wconf 59' lang='lat'>‚</span> <span class='ocrx_word' id='word_1_170' title='bbox 778 1754 785 1770; x_wconf 72' lang='lat'>‚</span> <span class='ocrx_word' id='word_1_171' title='bbox 1045 1750 1052 1767; x_wconf 83' lang='grc'><em>,</em></span> <span class='ocrx_word' id='word_1_172' title='bbox 1193 1685 1320 1780; x_wconf 88' lang='lat' dir='ltr'><strong>phanis</strong></span> <span class='ocrx_word' id='word_1_173' title='bbox 1335 1705 1367 1759; x_wconf 94' lang='lat' dir='ltr'><strong>et</strong></span> <span class='ocrx_word' id='word_1_174' title='bbox 1382 1692 1541 1760; x_wconf 89' lang='lat' dir='ltr'><strong>fanaticis</strong></span> <span class='ocrx_word' id='word_1_175' title='bbox 1556 1693 1795 1780; x_wconf 88' lang='lat' dir='ltr'><strong>opinionibus,</strong></span> <span class='ocrx_word' id='word_1_176' title='bbox 1820 1720 1908 1788; x_wconf 87' lang='lat' dir='ltr'><strong>quae</strong></span> <span class='ocrx_word' id='word_1_177' title='bbox 1928 1722 2009 1766; x_wconf 92' lang='lat' dir='ltr'><strong>cum</strong></span> <span class='ocrx_word' id='word_1_178' title='bbox 2026 1694 2184 1791; x_wconf 89' lang='lat' dir='ltr'><strong>prophe-</strong></span> 
     </span>
    </p>

    <p class='ocr_par' dir='ltr' id='par_1_8' title="bbox 154 1745 2181 1990">
     <span class='ocr_line' id='line_1_17' title="bbox 154 1745 2181 1892; baseline 0.002 -27"><span class='ocrx_word' id='word_1_179' title='bbox 154 1759 421 1832; x_wconf 47' lang='lat' dir='ltr'><strong>Mammium</strong></span> <span class='ocrx_word' id='word_1_180' title='bbox 469 1753 596 1828; x_wconf 51' lang='grc' dir='ltr'><strong>ΡΜ</strong></span> <span class='ocrx_word' id='word_1_181' title='bbox 643 1753 685 1829; x_wconf 79' lang='lat' dir='ltr'><em>V</em></span> <span class='ocrx_word' id='word_1_182' title='bbox 684 1751 733 1871; x_wconf 54' lang='grc'><strong>,11</strong></span> <span class='ocrx_word' id='word_1_183' title='bbox 740 1753 783 1823; x_wconf 71' lang='lat' dir='ltr'><strong>b&#39;</strong></span> <span class='ocrx_word' id='word_1_184' title='bbox 791 1747 864 1840; x_wconf 67' lang='lat' dir='ltr'><strong>‘h’</strong></span> <span class='ocrx_word' id='word_1_185' title='bbox 927 1745 1142 1822; x_wconf 51' lang='lat' dir='ltr'><strong>Haldmha&#39;</strong></span> <span class='ocrx_word' id='word_1_186' title='bbox 1192 1791 1270 1859; x_wconf 91' lang='lat' dir='ltr'><strong>ticis</strong></span> <span class='ocrx_word' id='word_1_187' title='bbox 1291 1807 1326 1861; x_wconf 90' lang='lat' dir='ltr'><strong>et</strong></span> <span class='ocrx_word' id='word_1_188' title='bbox 1345 1792 1545 1880; x_wconf 89' lang='lat' dir='ltr'><strong>apostolicis</strong></span> <span class='ocrx_word' id='word_1_189' title='bbox 1567 1792 1724 1883; x_wconf 90' lang='lat' dir='ltr'><strong>scriptis,</strong></span> <span class='ocrx_word' id='word_1_190' title='bbox 1751 1790 1818 1892; x_wconf 91' lang='lat' dir='ltr'><strong>[et]</strong></span> <span class='ocrx_word' id='word_1_191' title='bbox 1845 1793 2036 1868; x_wconf 88' lang='lat' dir='ltr'><strong>catholicae</strong></span> <span class='ocrx_word' id='word_1_192' title='bbox 2055 1796 2181 1870; x_wconf 88' lang='lat' dir='ltr'><strong>Eccle-</strong></span> 
     </span>
     <span class='ocr_line' id='line_1_18' title="bbox 573 1879 2180 1990; baseline 0.002 -27"><span class='ocrx_word' id='word_1_193' title='bbox 573 1879 722 1924; x_wconf 49' lang='grc' dir='ltr'><strong>ΜΨ·</strong></span> <span class='ocrx_word' id='word_1_194' title='bbox 1192 1891 1263 1959; x_wconf 90' lang='lat' dir='ltr'><strong>siae</strong></span> <span class='ocrx_word' id='word_1_195' title='bbox 1282 1886 1418 1959; x_wconf 90' lang='lat' dir='ltr'><strong>Christi</strong></span> <span class='ocrx_word' id='word_1_196' title='bbox 1439 1914 1611 1960; x_wconf 89' lang='lat' dir='ltr'><strong>consensu</strong></span> <span class='ocrx_word' id='word_1_197' title='bbox 1634 1910 1805 1982; x_wconf 83' lang='lat' dir='ltr'><strong>pugnant.</strong></span> <span class='ocrx_word' id='word_1_198' title='bbox 1863 1894 2038 1988; x_wconf 85' lang='lat' dir='ltr'><strong>Optemus</strong></span> <span class='ocrx_word' id='word_1_199' title='bbox 2059 1900 2180 1990; x_wconf 89' lang='lat' dir='ltr'><strong>igitur,</strong></span> 
     </span>
    </p>

    <p class='ocr_par' dir='ltr' id='par_1_9' title="bbox 153 1978 2184 2397">
     <span class='ocr_line' id='line_1_19' title="bbox 153 1978 2179 2090; baseline 0 -20"><span class='ocrx_word' id='word_1_200' title='bbox 153 1978 297 2071; x_wconf 78' lang='lat' dir='ltr'><strong>Pctivit</strong></span> <span class='ocrx_word' id='word_1_201' title='bbox 311 2017 331 2062; x_wconf 88' lang='lat' dir='ltr'><strong>a</strong></span> <span class='ocrx_word' id='word_1_202' title='bbox 347 1991 452 2061; x_wconf 91' lang='lat' dir='ltr'><strong>nobis</strong></span> <span class='ocrx_word' id='word_1_203' title='bbox 467 1982 597 2057; x_wconf 82' lang='lat' dir='ltr'><strong>Petrus</strong></span> <span class='ocrx_word' id='word_1_204' title='bbox 616 1980 663 2062; x_wconf 90' lang='lat' dir='ltr'><em>V</em></span> <span class='ocrx_word' id='word_1_205' title='bbox 658 1979 791 2071; x_wconf 76' lang='lat' dir='ltr'><strong>ethich,</strong></span> <span class='ocrx_word' id='word_1_206' title='bbox 815 1979 1142 2066; x_wconf 85' lang='lat' dir='ltr'><strong>Haldeshamensis,</strong></span> <span class='ocrx_word' id='word_1_207' title='bbox 1192 2003 1232 2058; x_wconf 88' lang='lat' dir='ltr'><strong>ut</strong></span> <span class='ocrx_word' id='word_1_208' title='bbox 1253 1987 1348 2059; x_wconf 88' lang='lat' dir='ltr'><strong>Deus</strong></span> <span class='ocrx_word' id='word_1_209' title='bbox 1373 1991 1448 2059; x_wconf 91' lang='lat' dir='ltr'><strong>eius</strong></span> <span class='ocrx_word' id='word_1_210' title='bbox 1477 2006 1651 2077; x_wconf 88' lang='lat' dir='ltr'><strong>mentem,</strong></span> <span class='ocrx_word' id='word_1_211' title='bbox 1687 1996 1777 2066; x_wconf 91' lang='lat' dir='ltr'><strong>sicut</strong></span> <span class='ocrx_word' id='word_1_212' title='bbox 1798 1999 1913 2090; x_wconf 89' lang='lat' dir='ltr'><strong>coepit</strong></span> <span class='ocrx_word' id='word_1_213' title='bbox 1937 2000 2117 2071; x_wconf 84' lang='lat' dir='ltr'><strong>confirmet</strong></span> <span class='ocrx_word' id='word_1_214' title='bbox 2143 2015 2179 2072; x_wconf 90' lang='lat' dir='ltr'><strong>et</strong></span> 
     </span>
     <span class='ocr_line' id='line_1_20' title="bbox 154 2086 2181 2191; baseline -0.002 -19"><span class='ocrx_word' id='word_1_215' title='bbox 154 2096 395 2174; x_wconf 88' lang='lat' dir='ltr'><strong>testimonium</strong></span> <span class='ocrx_word' id='word_1_216' title='bbox 416 2091 616 2160; x_wconf 91' lang='lat' dir='ltr'><strong>studiorum</strong></span> <span class='ocrx_word' id='word_1_217' title='bbox 639 2087 807 2170; x_wconf 86' lang='lat' dir='ltr'><strong>etvitae,</strong></span> <span class='ocrx_word' id='word_1_218' title='bbox 832 2086 929 2178; x_wconf 92' lang='lat' dir='ltr'><strong>quod</strong></span> <span class='ocrx_word' id='word_1_219' title='bbox 949 2108 1023 2153; x_wconf 94' lang='lat' dir='ltr'><strong>non</strong></span> <span class='ocrx_word' id='word_1_220' title='bbox 1039 2099 1141 2176; x_wconf 85' lang='lat' dir='ltr'><strong>puta·</strong></span> <span class='ocrx_word' id='word_1_221' title='bbox 1192 2092 1380 2179; x_wconf 82' lang='lat' dir='ltr'><strong>gubernet,</strong></span> <span class='ocrx_word' id='word_1_222' title='bbox 1399 2106 1440 2161; x_wconf 91' lang='lat' dir='ltr'><strong>ut</strong></span> <span class='ocrx_word' id='word_1_223' title='bbox 1455 2093 1614 2162; x_wconf 91' lang='lat' dir='ltr'><strong>doctrina</strong></span> <span class='ocrx_word' id='word_1_224' title='bbox 1630 2094 1773 2164; x_wconf 89' lang='lat' dir='ltr'><strong>salutari</strong></span> <span class='ocrx_word' id='word_1_225' title='bbox 1790 2100 1910 2168; x_wconf 91' lang='lat' dir='ltr'><strong>multis</strong></span> <span class='ocrx_word' id='word_1_226' title='bbox 1926 2102 2045 2191; x_wconf 85' lang='lat' dir='ltr'><strong>prosit.</strong></span> <span class='ocrx_word' id='word_1_227' title='bbox 2082 2099 2181 2170; x_wconf 89' lang='lat' dir='ltr'><strong>Eum</strong></span> 
     </span>
     <span class='ocr_line' id='line_1_21' title="bbox 154 2185 2184 2290; baseline -0 -17"><span class='ocrx_word' id='word_1_228' title='bbox 154 2203 272 2290; x_wconf 78' lang='lat' dir='ltr'><strong>vimus</strong></span> <span class='ocrx_word' id='word_1_229' title='bbox 292 2196 326 2265; x_wconf 88' lang='lat' dir='ltr'><strong>ei</strong></span> <span class='ocrx_word' id='word_1_230' title='bbox 350 2192 563 2282; x_wconf 87' lang='lat' dir='ltr'><strong>negandum.</strong></span> <span class='ocrx_word' id='word_1_231' title='bbox 621 2186 861 2276; x_wconf 91' lang='lat' dir='ltr'><strong>Cognovimus</strong></span> <span class='ocrx_word' id='word_1_232' title='bbox 883 2198 999 2257; x_wconf 86' lang='lat' dir='ltr'><strong>autern</strong></span> <span class='ocrx_word' id='word_1_233' title='bbox 1025 2208 1065 2253; x_wconf 86' lang='lat' dir='ltr'><strong>ex</strong></span> <span class='ocrx_word' id='word_1_234' title='bbox 1088 2185 1141 2269; x_wconf 88' lang='lat' dir='ltr'><strong>iis,</strong></span> <span class='ocrx_word' id='word_1_235' title='bbox 1193 2192 1297 2260; x_wconf 86' lang='lat' dir='ltr'><strong>etiarn</strong></span> <span class='ocrx_word' id='word_1_236' title='bbox 1310 2193 1413 2261; x_wconf 91' lang='lat' dir='ltr'><strong>bonis</strong></span> <span class='ocrx_word' id='word_1_237' title='bbox 1429 2193 1593 2263; x_wconf 90' lang='lat' dir='ltr'><strong>omnibus</strong></span> <span class='ocrx_word' id='word_1_238' title='bbox 1609 2208 1641 2263; x_wconf 92' lang='lat' dir='ltr'><strong>et</strong></span> <span class='ocrx_word' id='word_1_239' title='bbox 1656 2196 1767 2266; x_wconf 90' lang='lat' dir='ltr'><strong>doctis</strong></span> <span class='ocrx_word' id='word_1_240' title='bbox 1780 2199 1865 2267; x_wconf 91' lang='lat' dir='ltr'><strong>viris</strong></span> <span class='ocrx_word' id='word_1_241' title='bbox 1880 2204 2184 2287; x_wconf 81' lang='lat' dir='ltr'><strong>commendamus,</strong></span> 
     </span>
     <span class='ocr_line' id='line_1_22' title="bbox 156 2287 2180 2397; baseline -0 -26"><span class='ocrx_word' id='word_1_242' title='bbox 156 2303 286 2397; x_wconf 89' lang='lat' dir='ltr'><strong>quibus</strong></span> <span class='ocrx_word' id='word_1_243' title='bbox 302 2293 360 2365; x_wconf 92' lang='lat' dir='ltr'><strong>hic</strong></span> <span class='ocrx_word' id='word_1_244' title='bbox 374 2297 419 2364; x_wconf 91' lang='lat' dir='ltr'><strong>ad</strong></span> <span class='ocrx_word' id='word_1_245' title='bbox 432 2291 617 2364; x_wconf 88' lang='lat' dir='ltr'><strong>biennium</strong></span> <span class='ocrx_word' id='word_1_246' title='bbox 633 2290 700 2359; x_wconf 86' lang='lat' dir='ltr'><strong>fuit</strong></span> <span class='ocrx_word' id='word_1_247' title='bbox 714 2287 910 2372; x_wconf 82' lang='lat' dir='ltr'><strong>familiaris,</strong></span> <span class='ocrx_word' id='word_1_248' title='bbox 935 2309 1050 2355; x_wconf 92' lang='lat' dir='ltr'><strong>mores</strong></span> <span class='ocrx_word' id='word_1_249' title='bbox 1066 2287 1140 2354; x_wconf 90' lang='lat' dir='ltr'><strong>eius</strong></span> <span class='ocrx_word' id='word_1_250' title='bbox 1192 2306 1243 2372; x_wconf 90' lang='lat' dir='ltr'><strong>ut,</strong></span> <span class='ocrx_word' id='word_1_251' title='bbox 1270 2294 1539 2386; x_wconf 86' lang='lat' dir='ltr'><strong>quibuscunque</strong></span> <span class='ocrx_word' id='word_1_252' title='bbox 1555 2296 1682 2364; x_wconf 80' lang='lat' dir='ltr'><strong>officiis</strong></span> <span class='ocrx_word' id='word_1_253' title='bbox 1696 2315 1854 2388; x_wconf 89' lang='lat' dir='ltr'><strong>possunt,</strong></span> <span class='ocrx_word' id='word_1_254' title='bbox 1875 2295 1972 2370; x_wconf 88' lang='lat' dir='ltr'><strong>hunc</strong></span> <span class='ocrx_word' id='word_1_255' title='bbox 1989 2290 2180 2373; x_wconf 80' lang='lat' dir='ltr'><strong>Christia-</strong></span> 
     </span>
    </p>

    <p class='ocr_par' dir='ltr' id='par_1_10' title="bbox 84 2379 2222 3798">
     <span class='ocr_line' id='line_1_23' title="bbox 116 2379 2182 2492; baseline -0.001 -19"><span class='ocrx_word' id='word_1_256' title='bbox 116 2379 121 2386; x_wconf 90' lang='lat'><strong>.</strong></span> <span class='ocrx_word' id='word_1_257' title='bbox 156 2426 228 2476; x_wconf 90' lang='lat' dir='ltr'><strong>esse</strong></span> <span class='ocrx_word' id='word_1_258' title='bbox 245 2397 421 2479; x_wconf 89' lang='lat' dir='ltr'><strong>honestos,</strong></span> <span class='ocrx_word' id='word_1_259' title='bbox 446 2408 481 2464; x_wconf 89' lang='lat' dir='ltr'><strong>et</strong></span> <span class='ocrx_word' id='word_1_260' title='bbox 497 2391 763 2481; x_wconf 82' lang='lat' dir='ltr'><strong>diligentissime</strong></span> <span class='ocrx_word' id='word_1_261' title='bbox 779 2402 954 2457; x_wconf 84' lang='lat' dir='ltr'><strong>versatum</strong></span> <span class='ocrx_word' id='word_1_262' title='bbox 971 2411 1044 2455; x_wconf 89' lang='lat' dir='ltr'><strong>esse</strong></span> <span class='ocrx_word' id='word_1_263' title='bbox 1060 2411 1140 2456; x_wconf 90' lang='lat' dir='ltr'><strong>eum</strong></span> <span class='ocrx_word' id='word_1_264' title='bbox 1193 2418 1281 2460; x_wconf 82' lang='lat' dir='ltr'><strong>ntem</strong></span> <span class='ocrx_word' id='word_1_265' title='bbox 1305 2407 1447 2485; x_wconf 90' lang='lat' dir='ltr'><strong>propter</strong></span> <span class='ocrx_word' id='word_1_266' title='bbox 1472 2397 1723 2484; x_wconf 82' lang='lat' dir='ltr'><strong>professionem</strong></span> <span class='ocrx_word' id='word_1_267' title='bbox 1747 2400 1925 2471; x_wconf 88' lang='lat' dir='ltr'><strong>doctrinae</strong></span> <span class='ocrx_word' id='word_1_268' title='bbox 1939 2399 2130 2492; x_wconf 86' lang='lat' dir='ltr'><strong>Evangelii</strong></span> <span class='ocrx_word' id='word_1_269' title='bbox 2145 2416 2182 2475; x_wconf 86' lang='lat' dir='ltr'><strong>et</strong></span> 
     </span>
     <span class='ocr_line' id='line_1_24' title="bbox 156 2490 2181 2594; baseline 0.002 -24"><span class='ocrx_word' id='word_1_270' title='bbox 156 2507 196 2575; x_wconf 88' lang='lat' dir='ltr'><strong>in</strong></span> <span class='ocrx_word' id='word_1_271' title='bbox 217 2502 367 2571; x_wconf 88' lang='lat' dir='ltr'><strong>aliarum</strong></span> <span class='ocrx_word' id='word_1_272' title='bbox 387 2498 564 2566; x_wconf 90' lang='lat' dir='ltr'><strong>bonarum</strong></span> <span class='ocrx_word' id='word_1_273' title='bbox 586 2493 768 2562; x_wconf 89' lang='lat' dir='ltr'><strong>literarum</strong></span> <span class='ocrx_word' id='word_1_274' title='bbox 787 2490 930 2572; x_wconf 91' lang='lat' dir='ltr'><strong>studiis,</strong></span> <span class='ocrx_word' id='word_1_275' title='bbox 962 2502 1037 2558; x_wconf 88' lang='lat' dir='ltr'><strong>tum</strong></span> <span class='ocrx_word' id='word_1_276' title='bbox 1057 2512 1139 2556; x_wconf 90' lang='lat' dir='ltr'><strong>vero</strong></span> <span class='ocrx_word' id='word_1_277' title='bbox 1191 2495 1347 2563; x_wconf 92' lang='lat' dir='ltr'><strong>studium</strong></span> <span class='ocrx_word' id='word_1_278' title='bbox 1365 2497 1408 2562; x_wconf 89' lang='lat' dir='ltr'><strong>de</strong></span> <span class='ocrx_word' id='word_1_279' title='bbox 1423 2491 1578 2564; x_wconf 88' lang='lat' dir='ltr'><strong>Ecclesia</strong></span> <span class='ocrx_word' id='word_1_280' title='bbox 1593 2498 1682 2568; x_wconf 92' lang='lat' dir='ltr'><strong>bene</strong></span> <span class='ocrx_word' id='word_1_281' title='bbox 1699 2502 1856 2568; x_wconf 87' lang='lat' dir='ltr'><strong>merendi</strong></span> <span class='ocrx_word' id='word_1_282' title='bbox 1870 2503 2020 2594; x_wconf 91' lang='lat' dir='ltr'><strong>benigne</strong></span> <span class='ocrx_word' id='word_1_283' title='bbox 2034 2506 2181 2575; x_wconf 80' lang='lat' dir='ltr'><strong>foveant</strong></span> 
     </span>
     <span class='ocr_line' id='line_1_25' title="bbox 153 2590 2181 2700; baseline 0.001 -26"><span class='ocrx_word' id='word_1_284' title='bbox 153 2603 340 2700; x_wconf 88' lang='lat' dir='ltr'><strong>praecipue</strong></span> <span class='ocrx_word' id='word_1_285' title='bbox 368 2618 588 2669; x_wconf 63' lang='lat' dir='ltr'><strong>sacrarum..</strong></span> <span class='ocrx_word' id='word_1_286' title='bbox 620 2591 742 2684; x_wconf 87' lang='lat' dir='ltr'><strong>ltaque</strong></span> <span class='ocrx_word' id='word_1_287' title='bbox 771 2590 844 2674; x_wconf 88' lang='lat' dir='ltr'><strong>illi,</strong></span> <span class='ocrx_word' id='word_1_288' title='bbox 878 2590 1007 2682; x_wconf 91' lang='lat' dir='ltr'><strong>quibus</strong></span> <span class='ocrx_word' id='word_1_289' title='bbox 1036 2603 1141 2660; x_wconf 88' lang='lat' dir='ltr'><strong>notus</strong></span> <span class='ocrx_word' id='word_1_290' title='bbox 1193 2609 1226 2663; x_wconf 93' lang='lat' dir='ltr'><strong>et</strong></span> <span class='ocrx_word' id='word_1_291' title='bbox 1250 2590 1456 2683; x_wconf 81' lang='lat' dir='ltr'><strong>provehant.</strong></span> <span class='ocrx_word' id='word_1_292' title='bbox 1508 2594 1603 2665; x_wconf 91' lang='lat' dir='ltr'><strong>Deus</strong></span> <span class='ocrx_word' id='word_1_293' title='bbox 1621 2612 1784 2669; x_wconf 89' lang='lat' dir='ltr'><strong>aeternus</strong></span> <span class='ocrx_word' id='word_1_294' title='bbox 1802 2616 1899 2692; x_wconf 92' lang='lat' dir='ltr'><strong>pater</strong></span> <span class='ocrx_word' id='word_1_295' title='bbox 1914 2606 2049 2674; x_wconf 89' lang='lat' dir='ltr'><strong>domini</strong></span> <span class='ocrx_word' id='word_1_296' title='bbox 2063 2605 2181 2676; x_wconf 88' lang='lat' dir='ltr'><strong>nostri</strong></span> 
     </span>
     <span class='ocr_line' id='line_1_26' title="bbox 147 2677 2181 2795; baseline 0.04 -102"><span class='ocrx_word' id='word_1_297' title='bbox 147 2677 226 2785; x_wconf 56' lang='lat' dir='ltr'><strong>,esb</strong></span> <span class='ocrx_word' id='word_1_298' title='bbox 253 2693 579 2794; x_wconf 70' lang='lat' dir='ltr'><strong>p1·aedicautnobis</strong></span> <span class='ocrx_word' id='word_1_299' title='bbox 600 2693 675 2762; x_wconf 90' lang='lat' dir='ltr'><strong>eius</strong></span> <span class='ocrx_word' id='word_1_300' title='bbox 697 2692 860 2781; x_wconf 87' lang='lat' dir='ltr'><strong>pietatem</strong></span> <span class='ocrx_word' id='word_1_301' title='bbox 881 2705 915 2760; x_wconf 89' lang='lat' dir='ltr'><strong>et</strong></span> <span class='ocrx_word' id='word_1_302' title='bbox 928 2691 1084 2758; x_wconf 91' lang='lat' dir='ltr'><strong>studium</strong></span> <span class='ocrx_word' id='word_1_303' title='bbox 1102 2689 1141 2757; x_wconf 92' lang='lat' dir='ltr'><strong>in</strong></span> <span class='ocrx_word' id='word_1_304' title='bbox 1193 2695 1220 2764; x_wconf 96' lang='lat' dir='ltr'><strong>l.</strong></span> <span class='ocrx_word' id='word_1_305' title='bbox 1233 2692 1274 2768; x_wconf 93' lang='lat' dir='ltr'><strong>C.</strong></span> <span class='ocrx_word' id='word_1_306' title='bbox 1292 2695 1444 2763; x_wconf 90' lang='lat' dir='ltr'><strong>vicissim</strong></span> <span class='ocrx_word' id='word_1_307' title='bbox 1466 2698 1560 2787; x_wconf 92' lang='lat' dir='ltr'><strong>apud</strong></span> <span class='ocrx_word' id='word_1_308' title='bbox 1581 2723 1644 2769; x_wconf 89' lang='lat' dir='ltr'><strong>vos</strong></span> <span class='ocrx_word' id='word_1_309' title='bbox 1668 2715 1702 2770; x_wconf 90' lang='lat' dir='ltr'><strong>et</strong></span> <span class='ocrx_word' id='word_1_310' title='bbox 1717 2703 1850 2795; x_wconf 91' lang='lat' dir='ltr'><strong>ubique</strong></span> <span class='ocrx_word' id='word_1_311' title='bbox 1865 2716 2036 2775; x_wconf 87' lang='lat' dir='ltr'><strong>terrarum</strong></span> <span class='ocrx_word' id='word_1_312' title='bbox 2053 2720 2181 2795; x_wconf 89' lang='lat' dir='ltr'><strong>augeat</strong></span> 
     </span>
     <span class='ocr_line' id='line_1_27' title="bbox 154 2790 2222 2892; baseline -0.001 -15"><span class='ocrx_word' id='word_1_313' title='bbox 154 2804 316 2876; x_wconf 91' lang='lat' dir='ltr'><strong>doctrina</strong></span> <span class='ocrx_word' id='word_1_314' title='bbox 339 2794 547 2877; x_wconf 89' lang='lat' dir='ltr'><strong>christiana,</strong></span> <span class='ocrx_word' id='word_1_315' title='bbox 572 2791 890 2882; x_wconf 88' lang='lat' dir='ltr'><strong>cuiuspraecipuos</strong></span> <span class='ocrx_word' id='word_1_316' title='bbox 906 2792 1001 2859; x_wconf 90' lang='lat' dir='ltr'><strong>locos</strong></span> <span class='ocrx_word' id='word_1_317' title='bbox 1017 2790 1141 2861; x_wconf 90' lang='lat' dir='ltr'><strong>dicunt</strong></span> <span class='ocrx_word' id='word_1_318' title='bbox 1192 2809 1227 2865; x_wconf 92' lang='lat' dir='ltr'><strong>et</strong></span> <span class='ocrx_word' id='word_1_319' title='bbox 1241 2808 1380 2865; x_wconf 88' lang='lat' dir='ltr'><strong>tueatur</strong></span> <span class='ocrx_word' id='word_1_320' title='bbox 1394 2821 1474 2866; x_wconf 90' lang='lat' dir='ltr'><strong>cum</strong></span> <span class='ocrx_word' id='word_1_321' title='bbox 1488 2799 1627 2887; x_wconf 89' lang='lat' dir='ltr'><strong>publica</strong></span> <span class='ocrx_word' id='word_1_322' title='bbox 1643 2825 1738 2892; x_wconf 87' lang='lat' dir='ltr'><strong>pace.</strong></span> <span class='ocrx_word' id='word_1_323' title='bbox 1788 2802 1856 2874; x_wconf 89' lang='lat' dir='ltr'><strong>Die</strong></span> <span class='ocrx_word' id='word_1_324' title='bbox 1872 2804 1931 2880; x_wconf 85' lang='lat'><strong>16.</strong></span> <span class='ocrx_word' id='word_1_325' title='bbox 1944 2804 2027 2877; x_wconf 85' lang='lat' dir='ltr'><strong>lulli</strong></span> <span class='ocrx_word' id='word_1_326' title='bbox 2044 2804 2158 2882; x_wconf 81' lang='lat'><strong>1546.</strong></span> <span class='ocrx_word' id='word_1_327' title='bbox 2217 2866 2222 2871; x_wconf 95' lang='lat'><strong>.</strong></span> 
     </span>
     <span class='ocr_line' id='line_1_28' title="bbox 155 2892 1142 2986; baseline -0.018 -8"><span class='ocrx_word' id='word_1_328' title='bbox 155 2930 235 2978; x_wconf 90' lang='lat' dir='ltr'><strong>eum</strong></span> <span class='ocrx_word' id='word_1_329' title='bbox 257 2914 350 2972; x_wconf 89' lang='lat' dir='ltr'><strong>recte</strong></span> <span class='ocrx_word' id='word_1_330' title='bbox 365 2898 581 2985; x_wconf 90' lang='lat' dir='ltr'><strong>intelligere,</strong></span> <span class='ocrx_word' id='word_1_331' title='bbox 605 2898 709 2986; x_wconf 80' lang='lat' dir='ltr'><strong>atque</strong></span> <span class='ocrx_word' id='word_1_332' title='bbox 724 2894 767 2960; x_wconf 91' lang='lat' dir='ltr'><strong>de</strong></span> <span class='ocrx_word' id='word_1_333' title='bbox 783 2892 826 2960; x_wconf 88' lang='lat' dir='ltr'><strong>iis</strong></span> <span class='ocrx_word' id='word_1_334' title='bbox 842 2893 1020 2960; x_wconf 91' lang='lat' dir='ltr'><strong>interdum</strong></span> <span class='ocrx_word' id='word_1_335' title='bbox 1035 2892 1092 2981; x_wconf 88' lang='lat' dir='ltr'><strong>pie</strong></span> <span class='ocrx_word' id='word_1_336' title='bbox 1107 2905 1142 2960; x_wconf 89' lang='lat' dir='ltr'><strong>et</strong></span> 
     </span>
     <span class='ocr_line' id='line_1_29' title="bbox 133 2992 1141 3088; baseline -0.015 -13"><span class='ocrx_word' id='word_1_337' title='bbox 133 3000 294 3086; x_wconf 61' lang='lat' dir='ltr'><strong>xdentre,</strong></span> <span class='ocrx_word' id='word_1_338' title='bbox 326 3000 391 3070; x_wconf 88' lang='lat' dir='ltr'><strong>ubi</strong></span> <span class='ocrx_word' id='word_1_339' title='bbox 422 3021 513 3088; x_wconf 86' lang='lat' dir='ltr'><strong>opus</strong></span> <span class='ocrx_word' id='word_1_340' title='bbox 544 3007 613 3077; x_wconf 90' lang='lat' dir='ltr'><strong>est,</strong></span> <span class='ocrx_word' id='word_1_341' title='bbox 646 3016 746 3085; x_wconf 91' lang='lat' dir='ltr'><strong>posse</strong></span> <span class='ocrx_word' id='word_1_342' title='bbox 776 2995 868 3084; x_wconf 88' lang='lat' dir='ltr'><strong>apud</strong></span> <span class='ocrx_word' id='word_1_343' title='bbox 904 2992 992 3061; x_wconf 85' lang='lat' dir='ltr'><strong>alios</strong></span> <span class='ocrx_word' id='word_1_344' title='bbox 1014 2993 1141 3074; x_wconf 90' lang='lat' dir='ltr'><strong>dicere,</strong></span> 
     </span>
     <span class='ocr_line' id='line_1_30' title="bbox 155 3087 1141 3183; baseline -0.018 -4"><span class='ocrx_word' id='word_1_345' title='bbox 155 3123 231 3180; x_wconf 90' lang='lat' dir='ltr'><strong>tum</strong></span> <span class='ocrx_word' id='word_1_346' title='bbox 253 3117 288 3174; x_wconf 87' lang='lat' dir='ltr'><strong>et</strong></span> <span class='ocrx_word' id='word_1_347' title='bbox 307 3095 498 3170; x_wconf 87' lang='lat' dir='ltr'><strong>abhorrere</strong></span> <span class='ocrx_word' id='word_1_348' title='bbox 517 3096 562 3165; x_wconf 90' lang='lat' dir='ltr'><strong>ab</strong></span> <span class='ocrx_word' id='word_1_349' title='bbox 576 3093 742 3162; x_wconf 90' lang='lat' dir='ltr'><strong>omnibus</strong></span> <span class='ocrx_word' id='word_1_350' title='bbox 758 3091 919 3179; x_wconf 65' lang='lat' dir='ltr'><strong>fanaticis</strong></span> <span class='ocrx_word' id='word_1_351' title='bbox 939 3105 972 3161; x_wconf 89' lang='lat' dir='ltr'><strong>et</strong></span> <span class='ocrx_word' id='word_1_352' title='bbox 986 3087 1141 3183; x_wconf 88' lang='lat' dir='ltr'><strong>propha-</strong></span> 
     </span>
     <span class='ocr_line' id='line_1_31' title="bbox 153 3178 1266 3294; baseline -0.015 -16"><span class='ocrx_word' id='word_1_353' title='bbox 153 3210 211 3278; x_wconf 89' lang='lat' dir='ltr'><strong>nis</strong></span> <span class='ocrx_word' id='word_1_354' title='bbox 232 3200 481 3294; x_wconf 88' lang='lat' dir='ltr'><strong>opinionibus,</strong></span> <span class='ocrx_word' id='word_1_355' title='bbox 506 3193 747 3287; x_wconf 85' lang='lat' dir='ltr'><strong>pugnantibus</strong></span> <span class='ocrx_word' id='word_1_356' title='bbox 767 3178 849 3263; x_wconf 55' lang='grc' dir='ltr'><strong>Νη</strong></span> <span class='ocrx_word' id='word_1_357' title='bbox 873 3187 1085 3282; x_wconf 89' lang='lat' dir='ltr'><strong>propheticis</strong></span> <span class='ocrx_word' id='word_1_358' title='bbox 1107 3205 1142 3262; x_wconf 89' lang='lat' dir='ltr'><strong>et</strong></span> <span class='ocrx_word' id='word_1_359' title='bbox 1263 3281 1266 3289; x_wconf 27' lang='grc' dir='ltr'>Ι</span> 
     </span>
     <span class='ocr_line' id='line_1_32' title="bbox 153 3270 2180 3414; baseline -0.012 -35"><span class='ocrx_word' id='word_1_360' title='bbox 153 3302 355 3400; x_wconf 86' lang='lat' dir='ltr'><strong>apostolicis</strong></span> <span class='ocrx_word' id='word_1_361' title='bbox 369 3298 519 3388; x_wconf 88' lang='lat' dir='ltr'><strong>scriptis,</strong></span> <span class='ocrx_word' id='word_1_362' title='bbox 536 3319 626 3388; x_wconf 89' lang='lat' dir='ltr'><strong>quae</strong></span> <span class='ocrx_word' id='word_1_363' title='bbox 640 3270 1039 3401; x_wconf 53' lang='lat' dir='ltr'><strong>saturaremiooguinam</strong></span> <span class='ocrx_word' id='word_1_364' title='bbox 1055 3316 1141 3361; x_wconf 86' lang='lat' dir='ltr'><strong>eon-</strong></span> <span class='ocrx_word' id='word_1_365' title='bbox 1191 3271 2180 3414; x_wconf 51' lang='lat' dir='ltr'>Q·16AE</span> 
     </span>
     <span class='ocr_line' id='line_1_33' title="bbox 154 3392 1803 3503; baseline -0.013 -25"><span class='ocrx_word' id='word_1_366' title='bbox 154 3410 272 3479; x_wconf 85' lang='lat' dir='ltr'><strong>tinent</strong></span> <span class='ocrx_word' id='word_1_367' title='bbox 294 3405 339 3472; x_wconf 87' lang='lat' dir='ltr'><strong>de</strong></span> <span class='ocrx_word' id='word_1_368' title='bbox 359 3397 597 3492; x_wconf 88' lang='lat' dir='ltr'><strong>poenitentia,</strong></span> <span class='ocrx_word' id='word_1_369' title='bbox 622 3396 666 3463; x_wconf 92' lang='lat' dir='ltr'><strong>de</strong></span> <span class='ocrx_word' id='word_1_370' title='bbox 689 3392 896 3462; x_wconf 88' lang='lat' dir='ltr'><strong>remissione</strong></span> <span class='ocrx_word' id='word_1_371' title='bbox 917 3405 1138 3483; x_wconf 85' lang='lat' dir='ltr'><strong>peccatorum</strong></span> <span class='ocrx_word' id='word_1_372' title='bbox 1239 3446 1242 3451; x_wconf 93' lang='lat'><strong>.</strong></span> <span class='ocrx_word' id='word_1_373' title='bbox 1766 3487 1774 3503; x_wconf 42' lang='lat'><strong>·</strong></span> <span class='ocrx_word' id='word_1_374' title='bbox 1800 3472 1803 3476; x_wconf 9' lang='grc' dir='ltr'>μ</span> 
     </span>
     <span class='ocr_line' id='line_1_34' title="bbox 84 3471 1951 3599; baseline -0.012 -21"><span class='ocrx_word' id='word_1_375' title='bbox 84 3572 90 3586; x_wconf 90' lang='grc'><em>,</em></span> <span class='ocrx_word' id='word_1_376' title='bbox 155 3506 326 3599; x_wconf 88' lang='lat' dir='ltr'><strong>gratuita,</strong></span> <span class='ocrx_word' id='word_1_377' title='bbox 362 3513 396 3570; x_wconf 89' lang='lat' dir='ltr'><strong>et</strong></span> <span class='ocrx_word' id='word_1_378' title='bbox 423 3509 568 3588; x_wconf 91' lang='lat' dir='ltr'><strong>propter</strong></span> <span class='ocrx_word' id='word_1_379' title='bbox 589 3493 754 3563; x_wconf 90' lang='lat' dir='ltr'><strong>meritum</strong></span> <span class='ocrx_word' id='word_1_380' title='bbox 772 3493 945 3584; x_wconf 85' lang='lat' dir='ltr'><strong>passionis</strong></span> <span class='ocrx_word' id='word_1_381' title='bbox 962 3491 1047 3562; x_wconf 87' lang='lat' dir='ltr'><strong>Filii</strong></span> <span class='ocrx_word' id='word_1_382' title='bbox 1062 3492 1140 3579; x_wconf 90' lang='lat' dir='ltr'><strong>Dei,</strong></span> <span class='ocrx_word' id='word_1_383' title='bbox 1416 3471 1620 3573; x_wconf 69' lang='lat' dir='ltr'><strong>AldettO,</strong></span> <span class='ocrx_word' id='word_1_384' title='bbox 1654 3478 1771 3562; x_wconf 78' lang='lat' dir='ltr'><strong>Duce</strong></span> <span class='ocrx_word' id='word_1_385' title='bbox 1799 3481 1951 3566; x_wconf 70' lang='lat' dir='ltr'><strong>Prusa.</strong></span> 
     </span>
     <span class='ocr_line' id='line_1_35' title="bbox 156 3593 1137 3679; baseline -0.015 0"><span class='ocrx_word' id='word_1_386' title='bbox 156 3604 295 3679; x_wconf 91' lang='lat' dir='ltr'><strong>domini</strong></span> <span class='ocrx_word' id='word_1_387' title='bbox 323 3598 437 3670; x_wconf 88' lang='lat' dir='ltr'><strong>nostri</strong></span> <span class='ocrx_word' id='word_1_388' title='bbox 457 3593 540 3666; x_wconf 71' lang='lat' dir='ltr'><strong>1.ss</strong></span> <span class='ocrx_word' id='word_1_389' title='bbox 563 3595 729 3664; x_wconf 91' lang='lat' dir='ltr'><strong>omnibus</strong></span> <span class='ocrx_word' id='word_1_390' title='bbox 752 3594 976 3663; x_wconf 90' lang='lat' dir='ltr'><strong>credentibus</strong></span> <span class='ocrx_word' id='word_1_391' title='bbox 998 3595 1137 3665; x_wconf 88' lang='lat' dir='ltr'><strong>donata.</strong></span> 
     </span>
     <span class='ocr_line' id='line_1_36' title="bbox 155 3689 1136 3798; baseline -0.015 -19"><span class='ocrx_word' id='word_1_392' title='bbox 155 3708 277 3798; x_wconf 88' lang='lat' dir='ltr'><strong>Quare</strong></span> <span class='ocrx_word' id='word_1_393' title='bbox 306 3721 505 3794; x_wconf 87' lang='lat' dir='ltr'><strong>speramus,</strong></span> <span class='ocrx_word' id='word_1_394' title='bbox 537 3719 618 3766; x_wconf 88' lang='lat' dir='ltr'><strong>enm</strong></span> <span class='ocrx_word' id='word_1_395' title='bbox 648 3692 827 3764; x_wconf 84' lang='lat' dir='ltr'><strong>Ecclesiae</strong></span> <span class='ocrx_word' id='word_1_396' title='bbox 853 3689 987 3765; x_wconf 89' lang='lat' dir='ltr'><strong>Christi</strong></span> <span class='ocrx_word' id='word_1_397' title='bbox 1014 3696 1136 3764; x_wconf 90' lang='lat' dir='ltr'><strong>utilem</strong></span> 
     </span>
    </p>
   </div>
   <div class='ocr_carea' id='block_1_4' title="bbox 1199 3068 2185 3105">
    <p class='ocr_par' dir='ltr' id='par_1_11' title="bbox 1199 3068 2185 3105">
     <span class='ocr_line' id='line_1_37' title="bbox 1199 3068 2185 3105; baseline 0.023 -24"><span class='ocrx_word' id='word_1_398' title='bbox 1199 3068 2185 3105; x_wconf 78' lang='grc'><strong>-----.....................,..,,,,,,,</strong></span> 
     </span>
    </p>
   </div>
   <div class='ocr_carea' id='block_1_5' title="bbox 1258 3643 2177 3734">
    <p class='ocr_par' dir='ltr' id='par_1_12' title="bbox 1258 3643 2177 3734">
     <span class='ocr_line' id='line_1_38' title="bbox 1258 3643 2177 3734; baseline 0.026 -36"><span class='ocrx_word' id='word_1_399' title='bbox 1258 3643 1297 3699; x_wconf 80' lang='lat' dir='ltr'><strong>Ex</strong></span> <span class='ocrx_word' id='word_1_400' title='bbox 1310 3647 1478 3720; x_wconf 75' lang='lat' dir='ltr'><strong>autographo</strong></span> <span class='ocrx_word' id='word_1_401' title='bbox 1492 3650 1589 3705; x_wconf 76' lang='lat' dir='ltr'><strong>editae</strong></span> <span class='ocrx_word' id='word_1_402' title='bbox 1605 3651 1695 3707; x_wconf 82' lang='lat' dir='ltr'><strong>Fabro</strong></span> <span class='ocrx_word' id='word_1_403' title='bbox 1707 3652 1736 3708; x_wconf 86' lang='lat' dir='ltr'><strong>in</strong></span> <span class='ocrx_word' id='word_1_404' title='bbox 1749 3655 1866 3728; x_wconf 77' lang='lat' dir='ltr'><strong>Epistol.</strong></span> <span class='ocrx_word' id='word_1_405' title='bbox 1884 3677 1913 3732; x_wconf 86' lang='lat' dir='ltr'><strong>p.</strong></span> <span class='ocrx_word' id='word_1_406' title='bbox 1927 3660 1986 3717; x_wconf 76' lang='lat' dir='ltr'><strong>tet.</strong></span> <span class='ocrx_word' id='word_1_407' title='bbox 2005 3680 2050 3734; x_wconf 82' lang='lat' dir='ltr'><strong>ep.</strong></span> <span class='ocrx_word' id='word_1_408' title='bbox 2060 3655 2107 3720; x_wconf 73' lang='grc'><strong>84.</strong></span> <span class='ocrx_word' id='word_1_409' title='bbox 2174 3700 2177 3711; x_wconf 92' lang='lat'>·</span> 
     </span>
    </p>
   </div>
   <div class='ocr_carea' id='block_1_6' title="bbox 152 3837 2100 3990">
    <p class='ocr_par' dir='ltr' id='par_1_13' title="bbox 152 3837 2100 3990">
     <span class='ocr_line' id='line_1_39' title="bbox 349 3837 2100 3935; baseline 0 -5"><span class='ocrx_word' id='word_1_410' title='bbox 349 3905 358 3920; x_wconf 89' lang='lat'><strong>·</strong></span> <span class='ocrx_word' id='word_1_411' title='bbox 526 3897 536 3914; x_wconf 92' lang='lat'><strong>·</strong></span> <span class='ocrx_word' id='word_1_412' title='bbox 587 3896 597 3913; x_wconf 92' lang='lat'><strong>·</strong></span> <span class='ocrx_word' id='word_1_413' title='bbox 643 3896 652 3914; x_wconf 90' lang='lat'><strong>·</strong></span> <span class='ocrx_word' id='word_1_414' title='bbox 770 3895 781 3914; x_wconf 87' lang='lat'><strong>·</strong></span> <span class='ocrx_word' id='word_1_415' title='bbox 888 3895 898 3912; x_wconf 84' lang='lat'><strong>·</strong></span> <span class='ocrx_word' id='word_1_416' title='bbox 1368 3837 2008 3933; x_wconf 82' lang='lat' dir='ltr'><strong>AlbertoDaciBornssiae.</strong></span> <span class='ocrx_word' id='word_1_417' title='bbox 2097 3930 2100 3935; x_wconf 82' lang='grc'><strong>,</strong></span> 
     </span>
     <span class='ocr_line' id='line_1_40' title="bbox 152 3889 1138 3990; baseline -0.017 -8"><span class='ocrx_word' id='word_1_418' title='bbox 152 3934 238 3981; x_wconf 87' lang='lat' dir='ltr'><strong>narn</strong></span> <span class='ocrx_word' id='word_1_419' title='bbox 259 3904 446 3986; x_wconf 88' lang='lat' dir='ltr'><strong>ommbus,</strong></span> <span class='ocrx_word' id='word_1_420' title='bbox 474 3923 537 3990; x_wconf 87' lang='lat' dir='ltr'><strong>qur</strong></span> <span class='ocrx_word' id='word_1_421' title='bbox 561 3920 619 3988; x_wconf 89' lang='lat' dir='ltr'><strong>pre</strong></span> <span class='ocrx_word' id='word_1_422' title='bbox 641 3921 680 3964; x_wconf 90' lang='grc' dir='ltr'><strong>ιιι</strong></span> <span class='ocrx_word' id='word_1_423' title='bbox 694 3889 838 3965; x_wconf 70' lang='lat' dir='ltr'><strong>Christo</strong></span> <span class='ocrx_word' id='word_1_424' title='bbox 863 3919 981 3965; x_wconf 78' lang='lat' dir='ltr'><strong>vevere</strong></span> <span class='ocrx_word' id='word_1_425' title='bbox 1003 3897 1138 3967; x_wconf 88' lang='lat' dir='ltr'><strong>volunt.</strong></span> 
     </span>
    </p>
   </div>
   <div class='ocr_carea' id='block_1_7' title="bbox 67 3982 2179 4416">
    <p class='ocr_par' dir='ltr' id='par_1_14' title="bbox 67 3982 2179 4416">
     <span class='ocr_line' id='line_1_41' title="bbox 153 3982 2178 4124; baseline 0.017 -55"><span class='ocrx_word' id='word_1_426' title='bbox 153 4007 207 4082; x_wconf 80' lang='lat' dir='ltr'><strong>Ac</strong></span> <span class='ocrx_word' id='word_1_427' title='bbox 228 4003 516 4078; x_wconf 80' lang='lat' dir='ltr'><strong>commendamus</strong></span> <span class='ocrx_word' id='word_1_428' title='bbox 538 4021 620 4067; x_wconf 90' lang='lat' dir='ltr'><strong>eum</strong></span> <span class='ocrx_word' id='word_1_429' title='bbox 640 3995 744 4066; x_wconf 90' lang='lat' dir='ltr'><strong>bonis</strong></span> <span class='ocrx_word' id='word_1_430' title='bbox 765 3994 953 4077; x_wconf 90' lang='lat' dir='ltr'><strong>omuibus,</strong></span> <span class='ocrx_word' id='word_1_431' title='bbox 987 4021 1076 4091; x_wconf 91' lang='lat' dir='ltr'><strong>quos</strong></span> <span class='ocrx_word' id='word_1_432' title='bbox 1098 4013 1138 4067; x_wconf 89' lang='lat' dir='ltr'><strong>ut</strong></span> <span class='ocrx_word' id='word_1_433' title='bbox 1189 3982 1234 4073; x_wconf 83' lang='lat' dir='ltr'><strong>S.</strong></span> <span class='ocrx_word' id='word_1_434' title='bbox 1252 3999 1299 4078; x_wconf 88' lang='lat' dir='ltr'><strong>D.</strong></span> <span class='ocrx_word' id='word_1_435' title='bbox 1331 4003 1465 4102; x_wconf 86' lang='lat' dir='ltr'><strong>lnclyte</strong></span> <span class='ocrx_word' id='word_1_436' title='bbox 1480 4023 1514 4080; x_wconf 92' lang='lat' dir='ltr'><strong>et</strong></span> <span class='ocrx_word' id='word_1_437' title='bbox 1528 4009 1768 4086; x_wconf 82' lang='lat' dir='ltr'><strong>illustrissime</strong></span> <span class='ocrx_word' id='word_1_438' title='bbox 1784 4017 1952 4115; x_wconf 90' lang='lat' dir='ltr'><strong>Princeps</strong></span> <span class='ocrx_word' id='word_1_439' title='bbox 1967 4023 2178 4124; x_wconf 77' lang='lat' dir='ltr'><strong>Diesqniu·</strong></span> 
     </span>
     <span class='ocr_line' id='line_1_42' title="bbox 67 4093 2179 4216; baseline 0.013 -38"><span class='ocrx_word' id='word_1_440' title='bbox 67 4094 71 4101; x_wconf 40' lang='lat'><strong><em>¹</em></strong></span> <span class='ocrx_word' id='word_1_441' title='bbox 152 4109 306 4182; x_wconf 90' lang='lat' dir='ltr'><strong>vicissim</strong></span> <span class='ocrx_word' id='word_1_442' title='bbox 321 4103 418 4173; x_wconf 91' lang='lat' dir='ltr'><strong>Deus</strong></span> <span class='ocrx_word' id='word_1_443' title='bbox 433 4095 678 4170; x_wconf 88' lang='lat' dir='ltr'><strong>cumEcclesia</strong></span> <span class='ocrx_word' id='word_1_444' title='bbox 693 4109 804 4167; x_wconf 89' lang='lat' dir='ltr'><strong>servet</strong></span> <span class='ocrx_word' id='word_1_445' title='bbox 820 4110 854 4166; x_wconf 86' lang='lat' dir='ltr'><strong>et</strong></span> <span class='ocrx_word' id='word_1_446' title='bbox 868 4110 1011 4167; x_wconf 85' lang='lat' dir='ltr'><strong>tueatur</strong></span> <span class='ocrx_word' id='word_1_447' title='bbox 1027 4098 1065 4166; x_wconf 90' lang='lat' dir='ltr'><strong>in</strong></span> <span class='ocrx_word' id='word_1_448' title='bbox 1082 4093 1137 4166; x_wconf 91' lang='lat' dir='ltr'><strong>bis</strong></span> <span class='ocrx_word' id='word_1_449' title='bbox 1190 4116 1245 4173; x_wconf 89' lang='lat' dir='ltr'><strong>tus</strong></span> <span class='ocrx_word' id='word_1_450' title='bbox 1266 4107 1422 4176; x_wconf 89' lang='lat' dir='ltr'><strong>decimus</strong></span> <span class='ocrx_word' id='word_1_451' title='bbox 1446 4124 1519 4180; x_wconf 88' lang='lat' dir='ltr'><strong>erat</strong></span> <span class='ocrx_word' id='word_1_452' title='bbox 1536 4109 1620 4181; x_wconf 91' lang='lat' dir='ltr'><strong>lulii</strong></span> <span class='ocrx_word' id='word_1_453' title='bbox 1642 4139 1722 4185; x_wconf 89' lang='lat' dir='ltr'><strong>cum</strong></span> <span class='ocrx_word' id='word_1_454' title='bbox 1744 4117 1812 4189; x_wconf 89' lang='lat' dir='ltr'><strong>iter</strong></span> <span class='ocrx_word' id='word_1_455' title='bbox 1832 4115 1916 4193; x_wconf 91' lang='lat' dir='ltr'><strong>hinc</strong></span> <span class='ocrx_word' id='word_1_456' title='bbox 1932 4126 2179 4216; x_wconf 82' lang='lat' dir='ltr'><strong>ingrederetur</strong></span> 
     </span>
     <span class='ocr_line' id='line_1_43' title="bbox 151 4195 2177 4310; baseline 0.015 -32"><span class='ocrx_word' id='word_1_457' title='bbox 151 4209 289 4282; x_wconf 89' lang='lat' dir='ltr'><strong>miseris</strong></span> <span class='ocrx_word' id='word_1_458' title='bbox 309 4202 529 4293; x_wconf 83' lang='lat' dir='ltr'><strong>temporibus</strong></span> <span class='ocrx_word' id='word_1_459' title='bbox 549 4221 734 4292; x_wconf 87' lang='lat' dir='ltr'><strong>precamur</strong></span> <span class='ocrx_word' id='word_1_460' title='bbox 753 4221 794 4267; x_wconf 84' lang='lat' dir='ltr'><strong>ex</strong></span> <span class='ocrx_word' id='word_1_461' title='bbox 810 4196 943 4270; x_wconf 88' lang='lat' dir='ltr'><strong>animo.</strong></span> <span class='ocrx_word' id='word_1_462' title='bbox 992 4196 1063 4269; x_wconf 86' lang='lat' dir='ltr'><strong>Die</strong></span> <span class='ocrx_word' id='word_1_463' title='bbox 1079 4195 1136 4271; x_wconf 90' lang='grc'><strong>15.</strong></span> <span class='ocrx_word' id='word_1_464' title='bbox 1190 4199 1360 4277; x_wconf 83' lang='lat' dir='ltr'><strong>Andreas</strong></span> <span class='ocrx_word' id='word_1_465' title='bbox 1374 4202 1558 4280; x_wconf 83' lang='lat' dir='ltr'><strong>Mnnczer</strong></span> <span class='ocrx_word' id='word_1_466' title='bbox 1575 4238 1647 4307; x_wconf 86' lang='lat' dir='ltr'><strong>quo</strong></span> <span class='ocrx_word' id='word_1_467' title='bbox 1662 4229 1820 4310; x_wconf 88' lang='lat' dir='ltr'><strong>tempore</strong></span> <span class='ocrx_word' id='word_1_468' title='bbox 1835 4227 1997 4297; x_wconf 86' lang='lat' dir='ltr'><strong>nondum</strong></span> <span class='ocrx_word' id='word_1_469' title='bbox 2012 4234 2177 4307; x_wconf 84' lang='lat' dir='ltr'><strong>andiera-</strong></span> 
     </span>
     <span class='ocr_line' id='line_1_44' title="bbox 150 4298 2178 4416; baseline 0.038 -83"><span class='ocrx_word' id='word_1_470' title='bbox 150 4310 236 4384; x_wconf 69' lang='lat' dir='ltr'><strong>luffi</strong></span> <span class='ocrx_word' id='word_1_471' title='bbox 247 4331 343 4380; x_wconf 63' lang='lat' dir='ltr'><strong>mo</strong></span> <span class='ocrx_word' id='word_1_472' title='bbox 360 4298 469 4377; x_wconf 52' lang='grc'><strong>1546,</strong></span> <span class='ocrx_word' id='word_1_473' title='bbox 1189 4330 1267 4376; x_wconf 87' lang='lat' dir='ltr'><strong>mus</strong></span> <span class='ocrx_word' id='word_1_474' title='bbox 1288 4307 1357 4377; x_wconf 88' lang='lat' dir='ltr'><strong>alia</strong></span> <span class='ocrx_word' id='word_1_475' title='bbox 1374 4310 1546 4397; x_wconf 88' lang='lat' dir='ltr'><strong>debello,</strong></span> <span class='ocrx_word' id='word_1_476' title='bbox 1570 4315 1638 4383; x_wconf 91' lang='lat' dir='ltr'><strong>nisi</strong></span> <span class='ocrx_word' id='word_1_477' title='bbox 1653 4335 1840 4409; x_wconf 90' lang='lat' dir='ltr'><strong>apparatus</strong></span> <span class='ocrx_word' id='word_1_478' title='bbox 1857 4324 2030 4416; x_wconf 90' lang='lat' dir='ltr'><strong>ingentes.</strong></span> <span class='ocrx_word' id='word_1_479' title='bbox 2080 4334 2178 4409; x_wconf 88' lang='lat' dir='ltr'><strong>Dens</strong></span> 
     </span>
    </p>
   </div>
   <div class='ocr_carea' id='block_1_8' title="bbox 1188 4405 2177 4514">
    <p class='ocr_par' dir='ltr' id='par_1_15' title="bbox 1188 4405 2177 4514">
     <span class='ocr_line' id='line_1_45' title="bbox 1188 4405 2177 4514; baseline 0.036 -40"><span class='ocrx_word' id='word_1_480' title='bbox 1188 4408 1360 4496; x_wconf 84' lang='lat' dir='ltr'><strong>gubernet</strong></span> <span class='ocrx_word' id='word_1_481' title='bbox 1387 4405 1455 4479; x_wconf 89' lang='lat' dir='ltr'><strong>hoc</strong></span> <span class='ocrx_word' id='word_1_482' title='bbox 1480 4413 1668 4486; x_wconf 89' lang='lat' dir='ltr'><strong>universae</strong></span> <span class='ocrx_word' id='word_1_483' title='bbox 1685 4417 1908 4514; x_wconf 35' lang='lat' dir='ltr'><strong>&#39;Gennaniae</strong></span> <span class='ocrx_word' id='word_1_484' title='bbox 1937 4443 1971 4500; x_wconf 91' lang='lat' dir='ltr'><strong>et</strong></span> <span class='ocrx_word' id='word_1_485' title='bbox 1998 4428 2177 4511; x_wconf 84' lang='lat' dir='ltr'><strong>Ecclesiae</strong></span> 
     </span>
    </p>
   </div>
   <div class='ocr_carea' id='block_1_9' title="bbox 160 4482 2177 4613">
    <p class='ocr_par' dir='ltr' id='par_1_16' title="bbox 160 4482 2177 4613">
     <span class='ocr_line' id='line_1_46' title="bbox 160 4482 2177 4613; baseline 0.03 -62"><span class='ocrx_word' id='word_1_486' title='bbox 160 4482 1137 4518; x_wconf 82' lang='lat'><strong>-----·--··-------—-·--</strong></span> <span class='ocrx_word' id='word_1_487' title='bbox 1187 4530 1271 4576; x_wconf 90' lang='lat' dir='ltr'><strong>suae</strong></span> <span class='ocrx_word' id='word_1_488' title='bbox 1290 4510 1499 4601; x_wconf 88' lang='lat' dir='ltr'><strong>perieulum.</strong></span> <span class='ocrx_word' id='word_1_489' title='bbox 1549 4512 1592 4583; x_wconf 94' lang='lat' dir='ltr'><strong>ln</strong></span> <span class='ocrx_word' id='word_1_490' title='bbox 1617 4514 1717 4588; x_wconf 90' lang='lat' dir='ltr'><strong>ltalia</strong></span> <span class='ocrx_word' id='word_1_491' title='bbox 1739 4526 1857 4613; x_wconf 89' lang='lat' dir='ltr'><strong>magni</strong></span> <span class='ocrx_word' id='word_1_492' title='bbox 1881 4531 2055 4605; x_wconf 88' lang='lat' dir='ltr'><strong>exercitus</strong></span> <span class='ocrx_word' id='word_1_493' title='bbox 2074 4539 2177 4610; x_wconf 89' lang='lat' dir='ltr'><strong>colli-</strong></span> 
     </span>
    </p>
   </div>
   <div class='ocr_carea' id='block_1_10' title="bbox 164 4605 2176 4711">
    <p class='ocr_par' dir='ltr' id='par_1_17' title="bbox 164 4605 2176 4711">
     <span class='ocr_line' id='line_1_47' title="bbox 164 4605 2176 4711; baseline 0.011 -26"><span class='ocrx_word' id='word_1_494' title='bbox 164 4613 232 4687; x_wconf 88' lang='lat' dir='ltr'><strong>No.</strong></span> <span class='ocrx_word' id='word_1_495' title='bbox 242 4605 354 4682; x_wconf 69' lang='lat'><strong>³513.</strong></span> <span class='ocrx_word' id='word_1_496' title='bbox 1006 4613 1063 4674; x_wconf 89' lang='grc'><strong>16.</strong></span> <span class='ocrx_word' id='word_1_497' title='bbox 1076 4606 1135 4674; x_wconf 88' lang='lat' dir='ltr'><strong>lut.</strong></span> <span class='ocrx_word' id='word_1_498' title='bbox 1186 4625 1329 4697; x_wconf 80' lang='lat' dir='ltr'><strong>guntur.</strong></span> <span class='ocrx_word' id='word_1_499' title='bbox 1379 4608 1486 4699; x_wconf 82' lang='lat' dir='ltr'><strong>Quod</strong></span> <span class='ocrx_word' id='word_1_500' title='bbox 1507 4628 1624 4684; x_wconf 88' lang='lat' dir='ltr'><strong>antem</strong></span> <span class='ocrx_word' id='word_1_501' title='bbox 1642 4614 1812 4694; x_wconf 75' lang='lat' dir='ltr'><strong>Andreas</strong></span> <span class='ocrx_word' id='word_1_502' title='bbox 1829 4622 2010 4701; x_wconf 80' lang='lat' dir='ltr'><strong>Mnnczer</strong></span> <span class='ocrx_word' id='word_1_503' title='bbox 2025 4658 2100 4707; x_wconf 90' lang='lat' dir='ltr'><strong>non</strong></span> <span class='ocrx_word' id='word_1_504' title='bbox 2123 4640 2176 4711; x_wconf 85' lang='lat' dir='ltr'><strong>ei-</strong></span> 
     </span>
    </p>
   </div>
   <div class='ocr_carea' id='block_1_11' title="bbox 152 4696 2175 5015">
    <p class='ocr_par' dir='ltr' id='par_1_18' title="bbox 152 4696 2175 5015">
     <span class='ocr_line' id='line_1_48' title="bbox 152 4696 2175 4835; baseline 0.032 -85"><span class='ocrx_word' id='word_1_505' title='bbox 152 4706 368 4744; x_wconf 52' lang='lat' dir='ltr'><em>W</em></span> <span class='ocrx_word' id='word_1_506' title='bbox 480 4752 791 4835; x_wconf 49' lang='lat' dir='ltr'><em>Testimonium</em></span> <span class='ocrx_word' id='word_1_507' title='bbox 999 4696 1127 4730; x_wconf 48' lang='grc' dir='ltr'><strong><em>Μ</em></strong></span> <span class='ocrx_word' id='word_1_508' title='bbox 1187 4711 1257 4778; x_wconf 87' lang='lat' dir='ltr'><strong>tius</strong></span> <span class='ocrx_word' id='word_1_509' title='bbox 1279 4710 1316 4777; x_wconf 90' lang='lat' dir='ltr'><strong>in</strong></span> <span class='ocrx_word' id='word_1_510' title='bbox 1332 4709 1511 4781; x_wconf 88' lang='lat' dir='ltr'><strong>Prussiam</strong></span> <span class='ocrx_word' id='word_1_511' title='bbox 1531 4719 1706 4804; x_wconf 85' lang='lat' dir='ltr'><strong>proiectus</strong></span> <span class='ocrx_word' id='word_1_512' title='bbox 1726 4737 1794 4810; x_wconf 90' lang='lat' dir='ltr'><strong>est,</strong></span> <span class='ocrx_word' id='word_1_513' title='bbox 1827 4751 1890 4798; x_wconf 93' lang='lat' dir='ltr'><strong>oro</strong></span> <span class='ocrx_word' id='word_1_514' title='bbox 1911 4750 2115 4810; x_wconf 86' lang='lat' dir='ltr'><strong>reverenter</strong></span> <span class='ocrx_word' id='word_1_515' title='bbox 2134 4758 2175 4815; x_wconf 84' lang='lat' dir='ltr'><strong>nt</strong></span> 
     </span>
     <span class='ocr_line' id='line_1_49' title="bbox 793 4807 2175 4933; baseline 0.033 -65"><span class='ocrx_word' id='word_1_516' title='bbox 793 4808 806 4832; x_wconf 80' lang='lat'><strong>·</strong></span> <span class='ocrx_word' id='word_1_517' title='bbox 1186 4807 1368 4880; x_wconf 89' lang='lat' dir='ltr'><strong>Celsitudo</strong></span> <span class='ocrx_word' id='word_1_518' title='bbox 1396 4827 1511 4884; x_wconf 91' lang='lat' dir='ltr'><strong>vestra</strong></span> <span class='ocrx_word' id='word_1_519' title='bbox 1535 4841 1610 4887; x_wconf 88' lang='lat' dir='ltr'><strong>non</strong></span> <span class='ocrx_word' id='word_1_520' title='bbox 1636 4841 1836 4897; x_wconf 88' lang='lat' dir='ltr'><strong>succenseat</strong></span> <span class='ocrx_word' id='word_1_521' title='bbox 1858 4829 1940 4920; x_wconf 88' lang='lat' dir='ltr'><strong>ipsi.</strong></span> <span class='ocrx_word' id='word_1_522' title='bbox 1989 4838 2080 4928; x_wconf 84' lang='lat' dir='ltr'><strong>quia</strong></span> <span class='ocrx_word' id='word_1_523' title='bbox 2097 4843 2175 4933; x_wconf 90' lang='lat' dir='ltr'><strong>pri-</strong></span> 
     </span>
     <span class='ocr_line' id='line_1_50' title="bbox 215 4904 2174 5015; baseline 0.029 -55"><span class='ocrx_word' id='word_1_524' title='bbox 215 4921 239 4991; x_wconf 42' lang='grc' dir='ltr'>ᾗ</span> <span class='ocrx_word' id='word_1_525' title='bbox 258 4916 296 4972; x_wconf 71' lang='lat' dir='ltr'><strong>r.</strong></span> <span class='ocrx_word' id='word_1_526' title='bbox 307 4908 464 4988; x_wconf 68' lang='lat' dir='ltr'><strong>,pograpto</strong></span> <span class='ocrx_word' id='word_1_527' title='bbox 476 4907 506 4962; x_wconf 76' lang='lat' dir='ltr'><strong>tn</strong></span> <span class='ocrx_word' id='word_1_528' title='bbox 519 4907 584 4967; x_wconf 75' lang='lat' dir='ltr'><strong>est.</strong></span> <span class='ocrx_word' id='word_1_529' title='bbox 598 4906 712 4963; x_wconf 73' lang='lat' dir='ltr'><strong>none.</strong></span> <span class='ocrx_word' id='word_1_530' title='bbox 723 4906 766 4963; x_wconf 83' lang='lat'><strong>90.</strong></span> <span class='ocrx_word' id='word_1_531' title='bbox 784 4907 836 4965; x_wconf 80' lang='lat' dir='ltr'><strong>No.</strong></span> <span class='ocrx_word' id='word_1_532' title='bbox 850 4904 912 4962; x_wconf 82' lang='lat' dir='ltr'><strong>vlt.</strong></span> <span class='ocrx_word' id='word_1_533' title='bbox 929 4923 956 4977; x_wconf 81' lang='lat' dir='ltr'><strong>r·</strong></span> <span class='ocrx_word' id='word_1_534' title='bbox 968 4904 1031 4961; x_wconf 77' lang='lat'><strong>⁸⁸8·</strong></span> <span class='ocrx_word' id='word_1_535' title='bbox 1186 4934 1283 4979; x_wconf 90' lang='lat' dir='ltr'><strong>mum</strong></span> <span class='ocrx_word' id='word_1_536' title='bbox 1307 4904 1373 4981; x_wconf 89' lang='lat' dir='ltr'><strong>hac</strong></span> <span class='ocrx_word' id='word_1_537' title='bbox 1395 4916 1587 5005; x_wconf 86' lang='lat' dir='ltr'><strong>septimana</strong></span> <span class='ocrx_word' id='word_1_538' title='bbox 1610 4925 1766 4995; x_wconf 87' lang='lat' dir='ltr'><strong>venditio</strong></span> <span class='ocrx_word' id='word_1_539' title='bbox 1783 4929 1887 5000; x_wconf 84' lang='lat' dir='ltr'><strong>fundi</strong></span> <span class='ocrx_word' id='word_1_540' title='bbox 1905 4927 2111 5011; x_wconf 85' lang='lat' dir='ltr'><strong>hereditarii</strong></span> <span class='ocrx_word' id='word_1_541' title='bbox 2126 4946 2174 5015; x_wconf 87' lang='lat' dir='ltr'><strong>ad</strong></span> 
     </span>
    </p>
   </div>
   <div class='ocr_carea' id='block_1_12' title="bbox 146 5010 2174 5220">
    <p class='ocr_par' dir='ltr' id='par_1_19' title="bbox 146 5010 2174 5220">
     <span class='ocr_line' id='line_1_51' title="bbox 146 5010 2174 5220; baseline 0.038 -80"><span class='ocrx_word' id='word_1_542' title='bbox 146 5065 415 5146; x_wconf 79' lang='lat' dir='ltr'><strong>Testimonium</strong></span> <span class='ocrx_word' id='word_1_543' title='bbox 429 5054 495 5136; x_wconf 76' lang='lat' dir='ltr'><strong>Cd</strong></span> <span class='ocrx_word' id='word_1_544' title='bbox 506 5061 573 5132; x_wconf 83' lang='lat' dir='ltr'><strong>ris</strong></span> <span class='ocrx_word' id='word_1_545' title='bbox 582 5069 596 5131; x_wconf 92' lang='lat' dir='ltr'><strong>t</strong></span> <span class='ocrx_word' id='word_1_546' title='bbox 605 5061 651 5132; x_wconf 79' lang='lat' dir='ltr'><strong>ia</strong></span> <span class='ocrx_word' id='word_1_547' title='bbox 659 5062 710 5132; x_wconf 91' lang='lat' dir='ltr'><strong>ni</strong></span> <span class='ocrx_word' id='word_1_548' title='bbox 723 5056 973 5133; x_wconf 77' lang='lat' dir='ltr'><strong>Matthiae</strong></span> <span class='ocrx_word' id='word_1_549' title='bbox 989 5055 1066 5131; x_wconf 81' lang='lat' dir='ltr'><strong>Da</strong></span> <span class='ocrx_word' id='word_1_550' title='bbox 1074 5086 1099 5131; x_wconf 82' lang='lat' dir='ltr'><strong>n</strong></span> <span class='ocrx_word' id='word_1_551' title='bbox 1107 5060 1131 5138; x_wconf 78' lang='lat' dir='ltr'><strong>i.</strong></span> <span class='ocrx_word' id='word_1_552' title='bbox 1182 5010 1290 5204; x_wconf 49' lang='grc'><strong>1113511]</strong></span> <span class='ocrx_word' id='word_1_553' title='bbox 1292 5013 1556 5190; x_wconf 67' lang='lat' dir='ltr'><strong>rddhicideiirbt</strong></span> <span class='ocrx_word' id='word_1_554' title='bbox 1570 5018 1887 5220; x_wconf 57' lang='lat' dir='ltr'><strong>hMeilcdeqhbihihi</strong></span> <span class='ocrx_word' id='word_1_555' title='bbox 1898 5033 2174 5217; x_wconf 48' lang='lat' dir='ltr'><strong>diiibperrbhldrieei</strong></span> 
     </span>
    </p>
   </div>
   <div class='ocr_carea' id='block_1_13' title="bbox 142 5201 2174 5422">
    <p class='ocr_par' dir='ltr' id='par_1_20' title="bbox 142 5201 2174 5422">
     <span class='ocr_line' id='line_1_52' title="bbox 144 5201 2174 5319; baseline 0.016 -32"><span class='ocrx_word' id='word_1_556' title='bbox 144 5201 288 5293; x_wconf 86' lang='lat' dir='ltr'><strong>Petivit</strong></span> <span class='ocrx_word' id='word_1_557' title='bbox 310 5237 331 5282; x_wconf 88' lang='lat' dir='ltr'><strong>a</strong></span> <span class='ocrx_word' id='word_1_558' title='bbox 350 5209 455 5280; x_wconf 91' lang='lat' dir='ltr'><strong>nobis</strong></span> <span class='ocrx_word' id='word_1_559' title='bbox 468 5206 709 5279; x_wconf 90' lang='lat' dir='ltr'><strong>testimonium</strong></span> <span class='ocrx_word' id='word_1_560' title='bbox 723 5208 768 5276; x_wconf 92' lang='lat' dir='ltr'><strong>de</strong></span> <span class='ocrx_word' id='word_1_561' title='bbox 783 5208 910 5277; x_wconf 89' lang='lat' dir='ltr'><strong>studiis</strong></span> <span class='ocrx_word' id='word_1_562' title='bbox 923 5221 957 5278; x_wconf 90' lang='lat' dir='ltr'><strong>et</strong></span> <span class='ocrx_word' id='word_1_563' title='bbox 970 5208 1129 5279; x_wconf 87' lang='lat' dir='ltr'><strong>moribus</strong></span> <span class='ocrx_word' id='word_1_564' title='bbox 1181 5213 1467 5291; x_wconf 82' lang='lat' dir='ltr'><strong>tardae&#39;suerunt.</strong></span> <span class='ocrx_word' id='word_1_565' title='bbox 1517 5216 1681 5314; x_wconf 83' lang='lat' dir='ltr'><strong>Emptrir</strong></span> <span class='ocrx_word' id='word_1_566' title='bbox 1695 5229 1763 5299; x_wconf 86' lang='lat' dir='ltr'><strong>fuit</strong></span> <span class='ocrx_word' id='word_1_567' title='bbox 1777 5232 1884 5304; x_wconf 90' lang='lat' dir='ltr'><strong>vidua</strong></span> <span class='ocrx_word' id='word_1_568' title='bbox 1900 5246 2088 5314; x_wconf 88' lang='lat' dir='ltr'><strong>reverendi</strong></span> <span class='ocrx_word' id='word_1_569' title='bbox 2104 5250 2174 5319; x_wconf 85' lang='lat' dir='ltr'><strong>viri</strong></span> 
     </span>
     <span class='ocr_line' id='line_1_53' title="bbox 142 5296 2173 5422; baseline 0.015 -33"><span class='ocrx_word' id='word_1_570' title='bbox 142 5321 217 5394; x_wconf 84' lang='lat' dir='ltr'><strong>suis</strong></span> <span class='ocrx_word' id='word_1_571' title='bbox 239 5317 294 5387; x_wconf 85' lang='lat' dir='ltr'><strong>vir</strong></span> <span class='ocrx_word' id='word_1_572' title='bbox 308 5309 553 5397; x_wconf 77' lang='lat' dir='ltr'><strong>Venerabilis,</strong></span> <span class='ocrx_word' id='word_1_573' title='bbox 576 5296 819 5379; x_wconf 71' lang='lat' dir='ltr'><strong>Chrestianus</strong></span> <span class='ocrx_word' id='word_1_574' title='bbox 833 5302 1028 5380; x_wconf 75' lang='lat' dir='ltr'><strong>Matthias</strong></span> <span class='ocrx_word' id='word_1_575' title='bbox 1039 5302 1129 5381; x_wconf 86' lang='lat' dir='ltr'><strong>Da·</strong></span> <span class='ocrx_word' id='word_1_576' title='bbox 1179 5310 1223 5388; x_wconf 92' lang='lat' dir='ltr'><strong>D.</strong></span> <span class='ocrx_word' id='word_1_577' title='bbox 1246 5306 1417 5390; x_wconf 70' lang='lat' dir='ltr'><strong>Laetare</strong></span> <span class='ocrx_word' id='word_1_578' title='bbox 1468 5317 1565 5393; x_wconf 91' lang='lat' dir='ltr'><strong>Deus</strong></span> <span class='ocrx_word' id='word_1_579' title='bbox 1587 5341 1704 5400; x_wconf 87' lang='lat' dir='ltr'><strong>servet</strong></span> <span class='ocrx_word' id='word_1_580' title='bbox 1729 5327 1820 5404; x_wconf 90' lang='lat' dir='ltr'><strong>Cels.</strong></span> <span class='ocrx_word' id='word_1_581' title='bbox 1845 5361 1880 5410; x_wconf 89' lang='lat' dir='ltr'><strong>v.</strong></span> <span class='ocrx_word' id='word_1_582' title='bbox 1896 5338 2113 5416; x_wconf 84' lang='lat' dir='ltr'><strong>incolumem</strong></span> <span class='ocrx_word' id='word_1_583' title='bbox 2138 5364 2173 5422; x_wconf 90' lang='lat' dir='ltr'><strong>et</strong></span> 
     </span>
    </p>
   </div>
   <div class='ocr_carea' id='block_1_14' title="bbox 0 0 2372 6000">
    <p class='ocr_par' dir='ltr' id='par_1_21' title="bbox 0 0 2372 6000">
     <span class='ocr_line' id='line_1_54' title="bbox 0 0 2372 6000; baseline 0 0"><span class='ocrx_word' id='word_1_584' title='bbox 0 0 2372 6000; x_wconf 95' lang='lat' dir='ltr'><strong> </strong></span> 
     </span>
    </p>
   </div>
  </div>
 </body>
</html>
