4748 6022
177 496 255 577 ors
758 443 1438 563 summasunmna
1488 484 1621 563 aare.
1694 495 1697 499 >
2073 553 2079 571 ,
2139 493 2215 567 ιιι

179 663 404 750 Eruditiont
418 669 450 735 et
469 661 599 733 virtute
618 653 831 754 praestanti
850 654 928 726 viro
950 651 1011 733 M.
1033 649 1173 730 Andr.
1225 655 1341 732 exilia.
1391 653 1483 726 Nam
1504 678 1567 745 ego
1583 677 1648 726 nec
1661 657 1807 728 mutabo
1826 657 2025 729 doctrinam
2039 651 2217 732 Ecclesia-

401 758 551 858 thel
560 754 654 854 filio
668 781 736 828 suo
751 755 955 831 carissimo.
1090 814 1093 819 .
1223 781 1304 827 rum
1335 769 1555 839 nostrarum,
1591 779 1657 826 nee
1679 760 1902 829 mutantibus
1931 761 2110 830 assentiar.
2147 761 2218 833 'Si

1224 871 1346 950 captus
1368 858 1492 943 fuero,
1524 857 1636 927 feram
1656 880 1714 941 ea,
1746 878 1838 951 quae
1859 860 2038 946 accident,
2061 874 2096 932 et
2118 885 2176 934 me
2198 885 2219 930 a

1224 955 1417 1052 sophistica
1437 958 1599 1044 aularum
1621 959 1767 1029 tandem
1790 971 1903 1028 morte
1925 960 2070 1029 liberari
2087 965 2220 1052 gaude-

1223 1061 1284 1136 bo.
1318 1060 1396 1130 Scis
1411 1060 1528 1143 enim,
1553 1081 1659 1151 quam
1676 1058 1813 1130 duriter
1827 1081 1885 1127 me
1903 1061 2110 1132 excruciarit
2125 1064 2219 1132 mul-

1223 1161 1406 1234 tirannis.
1456 1157 1573 1231 Deum
1596 1173 1801 1243 aeternum,
1827 1157 1968 1229 Patrem
1983 1159 2131 1231 Domini
2152 1158 2221 1234 no·

1223 1262 1288 1332 stri
1304 1260 1384 1332 lesu
1399 1255 1553 1344 Christi,
1586 1283 1669 1345 oro,
1700 1274 1742 1330 ut
1763 1282 1829 1328 nos
1850 1274 1948 1348 regat
1968 1274 2003 1331 et
2023 1276 2138 1332 servet
2153 1263 2220 1333 ali-

1225 1364 1323 1458 quod
1345 1385 1464 1431 semen
1490 1374 1663 1436 sanctum.
1714 1359 1831 1445 Scito,
1856 1361 1975 1429 vivere
1996 1359 2130 1432 Ducem
2147 1362 2221 1433 Bo·

1224 1487 1406 1533 russorum
1433 1455 1643 1546 Albertnm,
1682 1462 1724 1531 ad
1753 1484 1858 1554 quem
1887 1486 1951 1531 cur
1974 1462 2151 1553 profectus
2175 1465 2223 1535 sit

176 902 318 995 'Adfert
343 917 388 988 ad
413 933 476 983 vos
500 905 554 981 Μ.
569 899 789 977 Burcardus
813 905 1080 998 responsionem
1106 928 1173 973 no·

179 1036 289 1093 stram
307 1021 351 1089 ad
374 1015 506 1084 librum
530 1008 754 1101 propositum
769 1004 967 1098 Augustae,
992 1018 1028 1075 et
1052 1004 1173 1097 publi·

179 1136 315 1203 catum,
343 1136 433 1209 quae
457 1109 522 1182 etsi
544 1122 596 1179 est
618 1109 781 1193 mollior,
806 1129 912 1203 qnam
928 1107 1057 1176 scimus
1075 1107 1173 1197 plae-

180 1242 307 1314 rosque
326 1214 438 1304 velle,
472 1225 591 1282 tamen
613 1233 678 1302 pro
699 1209 837 1280 ratione
860 1222 896 1279 et
918 1207 1107 1299 temporis,
1139 1208 1174 1278 ¹et

179 1319 389 1401 hominum,
414 1313 544 1408 quibus
557 1306 644 1380 haec
657 1334 754 1380 nunc
768 1312 991 1390 scribuntur,
1015 1320 1102 1398 puto
1118 1331 1174 1377 sa-

177 1423 225 1493 tis
247 1417 400 1510 graviter
420 1435 627 1504 responsum
650 1434 735 1484 esso.
775 1410 975 1482 Laudamus
992 1408 1080 1478 alios
1099 1411 1174 1478 for-

176 1523 306 1604 tiores,
337 1529 430 1586 ⁸¹⁶⁰*
446 1516 485 1583 3¹¹
512 1537 587 1604 ¹P⁵³
608 1510 765 1582 E⁰⁰¹⁰⁸¹³
781 1507 988 1601 Augustam
1008 1512 1173 1580 iudum
1224 1565 1342 1634 fratris
1366 1564 1478 1648 filius,
1503 1562 1565 1631 alii
1579 1561 1665 1632 alias
1681 1584 1802 1632 causas
1817 1576 1974 1631 narrant.
2025 1561 2121 1634 Tuas
2138 1565 2221 1634 lite-

175 1618 385 1693 Musculum
411 1616 540 1686 acriter
561 1613 813 1687 contradicere.
873 1609 982 1701 Quod
1005 1634 1081 1680 non
1106 1612 1174 1681 du·
1528 1660 1538 1687 ,
1776 1655 1786 1681 ,
2189 1665 2198 1683 .

178 1723 282 1793 bium
304 1733 376 1804 est,
408 1717 478 1788 iarn
500 1715 577 1784 fieri
597 1714 731 1808 ubique
755 1715 800 1784 ab
818 1713 985 1799 omnibus
1000 1713 1069 1804 piis
1087 1736 1173 1781 con·
1224 1689 1282 1837 ξδ’
1297 1679 1440 1836 ‘iffim
1457 1688 1540 1762 περι
1554 1686 1877 1762 κοθυφαίθταῖων·
1918 1661 2017 1732 3⁸⁰0
2032 1665 2121 1740 vale,
2152 1664 2219 1736 Dte

181 1818 433 1894 cionatoribus.
484 1816 556 1888 Sed
579 1815 618 1884 in
641 1816 770 1907 scripto
796 1815 860 1886 tali
882 1812 961 1883 aliis
985 1813 1173 1882 consilium
1680 1859 1776 1934 Phili
1827 1861 1970 1934 ¹1le
2020 1860 2079 1936 tho

178 1925 303 2008 datur,
332 1942 421 2013 quos
438 1941 553 2010 neque
567 1939 706 1986 necesse
721 1929 772 1987 est
787 1916 831 1984 de
847 1914 1014 1983 omnibus
1030 1937 1173 2008 quoquo
1778 1888 1825 1956 pp
1939 1889 1956 1933 ε
1972 1889 2016 1934 ³¹¹
2083 1889 2119 1941 ¹¹⁰

178 2024 288 2095 modo
311 2018 585 2111 disputabilibus
608 2017 764 2087 materiis
788 2038 962 2107 pugnare,
989 2028 1023 2085 et
1038 2026 1176 2087 constat

179 2148 256 2194 non
285 2144 408 2193 ornnes
438 2142 511 2188 esse
543 2118 623 2210 pari
655 2117 857 2189 animorum
883 2116 1023 2186 robore.
1081 2115 1175 2187 Satis
1882 2154 1884 2159 .

179 2246 306 2316 magna
322 2221 477 2315 pericula
491 2219 761 2304 ostenduuhtr,·=
772 2240 863 2313 quae
877 2230 919 2287 ut
931 2216 1030 2287 Deus
1046 2218 1176 2305 guber·
1188 2262 1207 2287 -,
1240 2223 1308 2299 No,
1321 2221 1435 2298 4265,
2079 2221 2219 2294 20,1u„‚

179 2339 243 2397 net
263 2348 328 2417 pro
352 2346 415 2393 sua
437 2320 697 2405 misericordia,
722 2330 759 2409 et
776 2331 891 2390 servet
907 2318 1066 2388 internos
1085 2331 1119 2388 et
1136 2318 1175 2386 in
1233 2320 1446 2357 m
2003 2330 2007 2337 ·
2086 2320 2221 2348 Μ

179 2422 450 2515 lrisregionibus
462 2445 580 2491 semen
592 2433 766 2505 sanctum,
781 2420 897 2510 ipsum
908 2441 1058 2489 oremus.
1086 2417 1175 2509 Spe·
1399 2420 1421 2450 ''
1465 2403 1583 2487 Hier.
1610 2399 1975 2512 Battmgarittero.

179 2551 221 2599 ro
245 2539 384 2594 nostros
407 2537 606 2621 constantes
635 2523 729 2605 fore,
755 2543 843 2613 quos
868 2521 1012 2590 tandem
1035 2540 1175 2588 necesse
1296 2573 1383 2647 Epio.
1402 2573 1507 2630 um
1526 2593 1552 2644 p·
1567 2572 1619 2628 m
1632 2591 1663 2643 ,q
1710 2573 1734 2626 A
1757 2573 1857 2642 ogein
1871 2571 1933 2626 eod.
1946 2571 2029 2626 uoto.
2041 2570 2102 2626 m
2120 2568 2223 2642 pum

181 2642 234 2697 est
248 2626 478 2708 constituere,
504 2636 624 2693 utrum
640 2645 761 2713 pacem
776 2644 822 2689 an
838 2621 1022 2689 veritatem
1036 2620 1175 2693 malint.
1332 2643 1384 2698 tite
1398 2662 1427 2696 ex
1441 2641 1608 2714 autographo
1621 2642 1649 2694 a.
1664 2614 1727 2696 iot.
1774 2657 1853 2694 onae
1864 2639 1888 2698 ι,
1905 2657 1933 2711 p.
1945 2636 2006 2694 218.

179 2728 310 2798 Sumus
327 2724 462 2793 evocati
479 2725 524 2792 ad
541 2723 766 2794 Conventnm
783 2719 1003 2789 Misnensem
1020 2719 1064 2786 ad
1080 2721 1176 2787 diem

183 2830 216 2899 1.
232 2823 327 2895 Iulii.
376 2820 474 2891 Bene
496 2823 587 2893 vale.
637 2820 729 2889 Nam
751 2833 792 2889 ut
815 2820 958 2888 brevior
977 2818 1062 2901 sim,
1093 2819 1178 2889 facit
1242 2811 1297 2890 D.
1321 2805 1995 2907 HieronymoBomgartnero,
2027 2805 2205 2882 Senatori

180 2922 201 2998 d
226 2917 565 3024 γραμματοφόρος,
601 2922 663 3013 qui
685 2943 803 2989 coram
817 2919 937 2988 omnia
952 2941 1097 2989 narrare
1111 2944 1177 3011 po·
1627 2907 1826 3005 Noribtrg.

181 3029 283 3119 terit,
307 3047 396 3121 quae
412 3018 472 3093 hic
486 3022 627 3096 scimus.
677 3018 745 3092 Die
763 3018 822 3092 19.
841 3018 921 3091 lun.

1228 3026 1270 3133 S‘.
1288 3059 1334 3136 D.
1367 3055 1416 3132 Et
1430 3074 1534 3131 antea
1549 3084 1605 3129 me
1619 3061 1756 3131 duriter
1771 3060 1873 3130 aulae
1890 3055 2105 3154 sophismata
2125 3086 2225 3132 exer-

795 3149 928 3245 Cc'tspar
948 3148 1127 3243 Cmclger·
1229 3176 1398 3247 cuerunt,
1429 3176 1463 3233 et
1482 3185 1580 3231 nunc
1601 3185 1723 3234 rursus
1746 3175 1918 3236 exercent.
1969 3161 2040 3234 Sed
2055 3164 2110 3231 vel
2130 3187 2225 3233 mors

1229 3264 1285 3334 vel
1309 3288 1442 3333 novum
1465 3263 1608 3333 exilium
1630 3287 1688 3333 me
1709 3287 1749 3332 ex
1771 3258 1828 3332 his
1851 3258 2067 3357 labyrinthis
2090 3266 2225 3335 educet·

1229 3365 1442 3458 Sparserunt
1462 3365 1615 3456 pagellas
1636 3365 1816 3434 mutilatas
1831 3364 2019 3448 nonnulli,
2047 3388 2127 3433 cum
2144 3366 2224 3457 qui-

181 3497 238 3570 ΝΟ
266 3464 381 3569 4264⁴
1014 3493 1146 3566 201m,
1228 3467 1310 3536 dem
1347 3488 1409 3556 ego
1443 3466 1681 3536 adiunxissem
1718 3465 1940 3534 manifestam
1973 3465 2223 3534 refutationem

193 3550 380 3625 ..L-„⁰
996 3544 1169 3617 *⁰2⁸2
1229 3567 1497 3659 praestigiarum
1511 3562 1594 3661 περὶ
1612 3558 1867 3655 δικαιοσύνης,
1896 3565 1940 3632 de
1955 3565 2086 3658 qulbus
2101 3566 2224 3658 dispu-

519 3671 574 3760 V,
608 3671 844 3757 Theodoro,
1229 3682 1304 3740 tare
1317 3669 1374 3736 vel
1388 3669 1483 3759 apud
1497 3653 1643 3782 ignaros
1650 3661 1778 3735 harum
1793 3686 1924 3787 rerqm,
1935 3666 2003 3782 ‘vel
2017 3667 2113 3758 apud
2125 3667 2226 3752 tales,

133 3886 138 3901 .
235 3835 279 3907 Ap
300 3852 332 3887 en
335 3832 379 3887 uix
391 3850 405 3886 a
407 3831 424 3884 d
437 3828 537 3888 lm
551 3828 626 3912 epist.
639 3848 667 3902 p.
676 3829 758 3900 45η.
781 3827 965 3912 apographon
979 3828 1010 3885 3⁰
1022 3850 1056 3888 eo
1058 3830 1085 3888 d.
1094 3829 1178 3888 Goth.
1230 3792 1382 3864 quorum
1406 3769 1571 3836 voluntas
1597 3766 1713 3884 alrepa
1736 3776 1805 3849 cst,
1835 3764 1981 3837 drfficrle
2002 3781 2067 3890 est:
2091 3791 2143 3892 xac
2168 3792 2224 3838 re-

301 3903 344 3956 ιι.
381 3898 485 3956 .totb.
510 3929 547 3943 -
586 3897 638 3954 ttrc
654 3917 685 3952 ιι
701 3896 875 3969 autographo
894 3914 923 3951 m
942 3896 1004 3956 eoa.
1022 3899 1136 3956 Monac,
1153 3903 1177 3958 1.
1230 3870 1450 3961 sponderunt
1473 3867 1641 3935 nonnulli
1663 3890 1703 3935 ιιι
1725 3865 1805 3936 aula
1826 3889 1884 3935 me
1899 3879 2012 3937 astute
2030 3893 2104 3940 υπο
2119 3872 2225 3963 φιλο-

283 3990 311 4050 a·
325 3920 388 4028 ὥς·
1228 3964 1366 4048 νιικίας
1392 3960 1613 4062 ὑπορύττειν
1641 3965 1686 4039 οὐ
1713 3971 1837 4047 κακῶς
1864 3964 2054 4060 λεχθέντα.
2119 3967 2224 4038 Nunc

181 4116 563 4195 mendwim„
579 4117 622 4190 D
653 4108 1033 4241 fitoTheodoro
1076 4113 1179 4196 Con·
1229 4085 1415 4163 postquam
1441 4068 1533 4138 liber
1549 4082 1599 4138 est
1617 4069 1657 4138 in
1672 4069 1855 4153 manibus,
1882 4070 1986 4138 etiam
2003 4070 2153 4138 aliorum
2168 4071 2224 4139 iu-

201 4184 205 4190 .
488 4194 503 4223 υ
624 4174 635 4240 3
716 4219 724 4237 .
1041 4176 1053 4209 ,

403 4223 410 4241 .
426 4220 469 4294 E
586 4219 618 4293 Ι.
768 4220 823 4291 Η
866 4217 911 4296 Ν
960 4220 988 4292 3
1230 4171 1332 4240 diciis
1355 4194 1432 4240 mea
1455 4169 1621 4240 refutatio
1645 4169 1923 4242 confirmabitur.
1973 4168 2089 4239 Deum
2106 4185 2224 4241 nartem

266 4224 408 4324 sm‘m
468 4246 584 4317 mire
603 4247 631 4293 ἰ
648 4246 689 4292 m
707 4245 849 4318 ’Μία
909 4246 964 4293 ‘m
990 4246 1090 4318 ψ’
1231 4287 1414 4343 aeternum
1434 4270 1577 4341 Patrem
1598 4269 1746 4341 Domini
1767 4270 1879 4340 nostri
1898 4267 1979 4342 Iesu
1994 4265 2128 4341 Christi
2150 4296 2226 4357 oro,

182 4357 231 4448 S·
255 4371 301 4446 D.
350 4368 564 4463 Exemplum
586 4369 874 4451 deliberationis,
900 4388 1005 4464 quam
1019 4394 1178 4442 commu·
1230 4388 1272 4445 ut
1284 4387 1317 4443 et
1332 4385 1446 4442 servet
1458 4372 1601 4464 aliquod
1617 4395 1735 4442 semen
1750 4384 1909 4441 sanctum
1925 4384 1959 4441 et
1973 4383 2008 4441 te
2022 4374 2225 4442 consoletur

182 4477 280 4546 niter
301 4473 523 4565 scripsimus,
560 4472 627 4540 tibi
652 4471 775 4553 mitto,
807 4473 902 4563 quod
926 4473 1089 4541 ostendes
1108 4470 1179 4543 Dn.
1230 4500 1271 4546 ac
1295 4485 1409 4544 servet
1435 4474 1661 4543 incolumem.
1723 4472 1835 4564 Spero
1863 4485 2015 4544 vestram
2034 4471 2224 4544 Civitatem

183 4573 416 4668 Hieronymo
450 4587 485 4642 et
517 4572 606 4644 aliis.
666 4567 782 4641 Antea
815 4572 993 4642 mutilatas
1026 4574 1180 4663 pagellas
1231 4571 1354 4670 ὀρθὴν
1369 4567 1539 4670 τηρήσειν
1552 4570 1600 4646 τὰ
1617 4571 1701 4645 ὅσια
1714 4567 1897 4671 δόγματα.
1951 4571 1995 4643 ln
2011 4576 2101 4645 aulis
2117 4599 2223 4667 quam

187 4689 394 4770 sparserunt
434 4673 564 4766 aliqui,
604 4695 683 4739 curn
717 4686 835 4740 tamen
871 4696 933 4761 ego
967 4674 1180 4755 addidissem
1230 4678 1303 4749 sint
1346 4676 1507 4745 infirmae
1545 4676 1761 4759 voluntates,
1821 4673 1978 4764 exempla
2021 4679 2225 4745 ostendunt.

183 4777 434 4850 refutationem
464 4773 732 4866 praestigiarum
762 4772 982 4844 manifestam
1010 4764 1092 4870 περὶ
1124 4773 1181 4848 ds·
1231 4773 1451 4876 Μαργίτης,
1479 4801 1583 4871 quem
1605 4777 1710 4847 etiam
1734 4775 1836 4844 aiunt
1857 4775 1926 4844 sibi
1947 4771 2101 4867 pla'cere,
2127 4777 2224 4869 quod

186 4871 399 4969 καιοσύνης.
436 4875 506 4946 Sed
522 4874 630 4943 aulici
646 4874 821 4963 sapientes
836 4873 977 4958 dicunt,
998 4899 1055 4944 me
1068 4890 1181 4948 astute
1232 4894 1334 4949 autor
1349 4878 1394 4949 sit
1410 4873 1518 4948 huius
1532 4901 1644 4947 novae
1662 4869 1908 4969 νομοθεσίας,
1936 4889 2068 4969 quanto
2087 4877 2125 4946 in
2140 4877 2224 4945 odio
2287 4904 2302 4925 ’-

185 4976 261 5059 ὑπὸ
286 4972 509 5075 φιλονεικίας
534 4967 776 5064 ὑπορύττειν,
816 4970 861 5044 οὐ
883 4979 1007 5055 κακῶς
1030 4975 1182 5069 tegete.
1232 4981 1326 5071 apud
1353 5003 1433 5049 suos
1456 4982 1560 5049 etiarn
1586 4978 1677 5048 erit?
1728 4976 1798 5048 Sed
1813 4974 1889 5046 Deo
1913 5001 1978 5047 nos
1997 4979 2224 5047 commende·

185 5106 256 5166 τα,
281 5074 345 5151 καὶ
362 5075 527 5150 κλέπτειν
543 5070 722 5166 ὀνόματα.
775 5072 825 5144 lta
847 5076 1052 5145 nonsolum
1074 5082 1182 5151 armis
1232 5105 1321 5156 mus.
1376 5079 1469 5151 Bene
1486 5080 1574 5153 vale.
1626 5079 1693 5152 Die
1707 5078 1768 5153 20.
1783 5075 1879 5149 lunii
1897 5071 1945 5174 *l

171 5178 224 5255 ‘et
243 5175 434 5273 sophistica
456 5178 618 5260 illorum,
644 5176 707 5266 qui
731 5175 845 5265 palam
873 5199 908 5244 se
930 5176 1087 5248 fatentur
1108 5204 1182 5252 esse
1356 5172 1362 5185 “
1838 5207 1922 5284 Phil
1949 5206 2161 5283 Melamhon

185 5280 324 5365 hostes,
348 5300 614 5371 oppugnamur,
641 5279 702 5344 sed
724 5276 828 5346 etiam
845 5271 1033 5368 sophistica
1048 5303 1183 5369 eorum,
1923 5264 1933 5287 ⁸
2164 5265 2174 5287 ⁰

189 5384 254 5477 qui
268 5384 436 5452 videntur
451 5401 523 5448 esse
542 5370 743 5469 σύμμαχοι.
793 5376 864 5446 Sed
878 5376 956 5448 Deo
970 5379 1101 5450 exitum
1116 5378 1183 5465 ha·‚

187 5506 271 5555 rum
284 5482 580 5553 deliberationum
596 5477 817 5547 commendo,
843 5478 1182 5577 Sirecepefflprin,
1266 5480 1295 5547 *l
1314 5475 1490 5600 Antographo
1503 5477 1590 5531 terim
1603 5495 1699 5533 manns
1713 5472 1871 5598 adscriptits
1895 5491 1959 5528 ron.
1973 5473 2049 5528 15⁵6.
2084 5470 2139 5526 Sed
2154 5488 2224 5553 spo·

187 5606 270 5676 ceps
303 5584 437 5652 librum
464 5576 730 5667 Augustanum,
770 5574 1066 5654 distrahemur-in
1089 5609 1182 5658 nova
1303 5547 1425 5670 putiphar:
1456 5546 1530 5600 ’Μ’
1558 5547 1640 5618 Μ’
1656 5555 1798 5602 “mm
1829 5540 2019 5601 mmm
2033 5539 2224 5613 aeternusqu-

241 5685 540 5756 llrnrrrmOrrn.
567 5681 722 5750 Vonl’l.
1531 5688 1582 5762 60
