4748 6022
161 277 236 351 748

748 270 1345 353 aristoxenum-ms.-
1374 221 1437 353 x
1475 275 1615 387 esea.

2137 273 2228 351 744

161 472 271 516 novas
288 448 451 516 tenebras
467 440 661 512 habebunt.
714 441 806 511 Cum
824 459 939 513 autem
962 444 1065 513 toties
1087 443 1155 534 ipsi
1205 428 1370 515 stadium
1388 449 1604 536 proficiscar,
1630 449 1723 540 quod
1742 448 1769 514 si
1785 447 1852 530 fiet,
1878 462 1911 516 te
1926 448 2052 530 orabo,
2077 459 2125 516 ut
2144 470 2226 517 una

161 549 390 616 didicerimus
407 548 443 612 in
460 545 590 612 nostris
605 544 773 626 miseriis,
798 546 931 614 servari
949 542 1154 629 Ecclesiam,

163 665 196 719 et
218 648 360 717 defendi
381 669 464 729 nos,
490 670 565 713 non
581 659 621 714 ut
641 640 795 715 humana
819 648 908 715 ratio
927 648 1072 734 cogitat,
1095 647 1156 713 sed

163 748 333 816 mirandis
363 747 479 816 modis
509 773 527 815 a
549 745 644 829 Deo,
669 748 758 817 sicut
782 748 948 837 scriptum
974 761 1039 815 est:
1073 745 1157 815 Ser-

164 852 253 918 vabo
276 872 357 932 vos,
382 871 456 917 non
482 850 518 916 in
541 873 624 916 arcu
650 865 683 916 et
709 850 843 935 gladio,
869 850 929 915 sed
947 848 985 915 in
1000 845 1156 915 Domino

160 948 237 1021 Deo
254 965 386 1032 vestro,
409 951 643 1018 sustineamus
658 974 722 1017 nos
737 951 957 1017 invocatione
974 963 1006 1017 et
1023 972 1084 1037 spe
1102 949 1158 1015 di-

163 1052 240 1120 vini
259 1051 396 1120 auxilii.
448 1048 538 1117 Nam
563 1046 717 1118 Ecclesia
743 1074 885 1138 prorsus
909 1043 1029 1136 non*)
1051 1050 1158 1117 desti-

164 1167 238 1224 tuta
267 1164 319 1219 est
347 1146 511 1219 humanis
541 1152 744 1238 praesidiis,
777 1176 856 1219 cum
882 1151 1065 1241 Principes
1096 1151 1159 1217 alii
1211 1184 1219 1201 ·

164 1255 267 1322 aliter
286 1251 446 1343 impediti
467 1265 561 1320 sunt.
621 1249 668 1333 Et
691 1276 771 1320 vere
797 1253 867 1319 iam
893 1253 1036 1335 accidit,
1062 1253 1157 1344 quod

165 1355 334 1445 scriptum
361 1366 412 1421 est
439 1353 474 1419 in
491 1350 655 1422 Cantico:
685 1352 941 1423 Percursarnnt
962 1378 1017 1422 me
1032 1350 1160 1420 Custo-

166 1457 227 1523 des
248 1477 433 1522 murorum
460 1468 493 1522 ct
518 1455 795 1523 vulneraverunt
819 1478 886 1525 me.
944 1452 1017 1522 Nec
1041 1467 1160 1522 tanren

166 1555 309 1638 dubito,
336 1552 451 1623 Deum
479 1555 546 1624 sibi
569 1569 789 1645 servaturum
813 1577 885 1624 essc
913 1555 1048 1645 aliquas
1074 1555 1160 1624 teli-

167 1657 268 1747 quias
291 1669 326 1724 et
353 1679 471 1723 semen
495 1671 674 1738 sanctum,
701 1681 720 1724 a
749 1681 820 1747 qno
849 1680 931 1723 vere
962 1657 1159 1736 invocatur,

167 1781 237 1849 quo
261 1757 299 1823 in
325 1766 473 1831 numero
496 1782 576 1825 cum
601 1770 637 1825 et
655 1753 692 1825 C.
712 1755 755 1828 V.
779 1756 825 1824 sit
844 1770 877 1824 et
896 1753 937 1827 C.
955 1756 999 1830 V.
1022 1758 1161 1840 fratres,

167 1853 234 1925 hac
269 1880 328 1947 spe
363 1858 463 1926 vobis
497 1858 656 1925 dolorem
694 1871 727 1926 et
761 1858 970 1925 moestitiam
1003 1857 1161 1940 leniatis,

168 1959 263 2049 quod
291 1958 329 2023 in
352 1958 457 2024 tantis
481 1958 644 2046 periculis
660 1972 776 2027 tamen
794 1982 915 2026 omnes
931 1959 1049 2049 capilli
1065 1959 1162 2043 capi-

168 2060 213 2128 tis
232 2059 335 2127 vestri
351 2060 526 2127 numerati
543 2059 633 2142 sint,
658 2073 698 2127 ut
719 2059 810 2126 lilius
826 2057 892 2128 Dei
908 2060 1036 2152 inquit.
1089 2057 1161 2128 Ex-

168 2179 280 2230 trema
296 2161 421 2227 mundi
441 2173 535 2227 aetas
550 2175 619 2240 est,
644 2183 749 2252 quam
773 2161 856 2228 talia
881 2162 1036 2250 pericula
1057 2157 1163 2229 hahi-

168 2277 282 2333 turam
300 2285 372 2329 esse
387 2261 481 2329 lilius
497 2260 563 2329 Dei
581 2261 653 2351 ipse
672 2263 856 2350 praedixit,
882 2263 961 2330 ideo
977 2278 1007 2331 et
1025 2266 1068 2332 ab
1087 2264 1162 2352 ipso

169 2355 514 2432 consolationem-et
537 2362 776 2449 defensionem
808 2377 1043 2451 expectamus,
1078 2387 1163 2455 pro·

169 2463 265 2531 misit
282 2462 397 2544 enim,
423 2483 459 2528 se
475 2462 576 2541 vobis
592 2464 794 2531 adfuturum
812 2485 894 2534 esse.
939 2461 1081 2534 Gratias
1098 2488 1162 2552 ago

169 2560 209 2632 C.
236 2560 280 2634 V.
302 2585 365 2651 pro
388 2562 539 2650 benigne
563 2563 667 2630 missa
690 2564 859 2651 pecunia,
890 2564 986 2633 Deus
1010 2566 1163 2634 vicissim

170 2663 365 2732 benefaciat
381 2660 421 2735 C.
442 2661 482 2730 V.
500 2675 533 2741 et
549 2650 754 2732 servet'eam
778 2665 1004 2738 incolumem.
1056 2664 1164 2736 Datac

169 2763 406 2852 Witcbergae
439 2763 506 2832 Die
531 2764 565 2836 8.
594 2762 818 2846 Decembris,
851 2790 922 2858 quo
946 2785 1027 2839 ante
1051 2791 1164 2836 annos

171 2879 311 2934 centum
330 2878 365 2933 et
386 2868 506 2934 decem
530 2882 690 2934 mortuus
709 2881 760 2935 est
776 2865 1027 2956 Sigismundus
1049 2867 1166 2960 lmpc-

170 2979 267 3037 rator
285 2963 352 3060 **).

994 3169 1161 3186 m

172 3300 238 3372 No.
260 3299 374 3372 4087.

179 3398 390 3433 Q

955 3307 1004 3368 die
1020 3310 1154 3369 brumae.

946 3397 1158 3437 Μ

454 3499 600 3585 loerch.
630 3501 890 3586 Camerario.

241 3656 325 3729 spat.
341 3654 373 3710 aa
387 3654 627 3743 metaneam
639 3677 680 3730 sq.
700 3660 752 3727 (aa.
767 3642 858 3715 iona.
875 3659 925 3717 ns.
939 3662 988 3717 tv.
1000 3680 1043 3734 ep.
1053 3663 1133 3731 aas).

172 3802 397 3882 Clarissimo
428 3811 505 3882 viro
533 3810 734 3885 eruditione
754 3826 784 3885 et
810 3816 938 3887 virtute
958 3819 1170 3914 praestanti

173 3909 419 3985 loaettmo
444 3908 733 3986 Camerario
768 3913 1013 4013 Pubergensi,
1047 3923 1166 3991 amico

463 4025 495 4085 et
517 4016 646 4113 fratri
662 4043 730 4089 suo
753 4021 881 4092 cariss.

173 4145 217 4239 S.
244 4161 288 4237 D.
338 4160 417 4234 Etsi
441 4187 505 4234 nec
521 4161 697 4235 Ecclesiae
722 4167 802 4250 Dei,
829 4192 893 4237 nec
912 4170 1093 4240 doctrinae
1111 4195 1167 4240 se·

172 4270 235 4336 des
263 4280 356 4337 certa
380 4268 553 4358 promissa
577 4280 644 4351 est,
671 4282 711 4336 nt
736 4271 861 4339 ruinae
883 4270 1110 4364 Solymorum
1132 4287 1168 4343 et

173 4366 366 4438 multarum
396 4368 584 4440 florentiss.
615 4370 756 4437 urbium
788 4371 823 4438 in
855 4371 936 4438 alsia
964 4376 1166 4453 ostendunt,

175 4462 386 4537 tamencum
402 4465 497 4538 Deus
511 4471 700 4540 clementer
717 4466 822 4540 huius
838 4473 962 4564 oppidi
979 4476 1166 4562 tuguriolis

177 4567 404 4659 pepercisset,
428 4569 561 4637 servari
578 4570 627 4638 ibi
650 4585 685 4641 et
701 4572 880 4642 doctrinae
894 4579 1011 4642 sedem
1035 4577 1167 4666 optavi.

177 4670 230 4741 Ac
254 4666 330 4736 Deo
355 4682 520 4740 eventum
546 4676 768 4746 commendo.
817 4673 905 4744 'Tibi
932 4698 1015 4744 vero
1037 4678 1166 4764 gratias

176 4793 241 4858 ago
255 4768 317 4863 qui
340 4769 444 4836 nobis
459 4793 561 4859 opem
580 4773 672 4843 ferre
688 4777 823 4859 studes,
846 4799 980 4869 nosque
994 4770 1167 4875 κατάγεις

177 4871 227 4952 ele
240 4862 381 4963 sociem(
394 4862 511 4954 πόλιν,
537 4887 577 4944 ut
599 4870 795 4945 Messenios
814 4877 900 4947 olim
923 4877 1045 4952 Attici.
1094 4878 1166 4948 Ne-

177 4995 270 5042 cesse
287 4986 406 5043 autem
422 4972 489 5042 erit
503 4997 568 5042 nos
581 4977 626 5044 ad
641 4977 837 5070 principem
851 4981 941 5048 etad
955 4977 999 5053 D.
1015 4972 1167 5049 Cumer-

178 5067 344 5143 stadium
362 5074 525 5145 scribere.
583 5073 757 5150 Fortassis
778 5080 853 5173 ipse
877 5083 921 5150 ad
944 5079 992 5153 D.
1015 5070 1168 5152 Camer-

211 5315 238 5393 ὅ)
258 5324 318 5380 llos
330 5340 387 5376 non
403 5321 511 5377 videtur
525 5322 671 5381 delendum
687 5346 754 5384 esse.

211 5412 258 5484 ΦΒ)
277 5412 303 5467 ls
316 5408 385 5466 obiit
397 5407 424 5464 d.
438 5408 464 5464 8.
475 5407 562 5468 Deeb.
576 5410 654 5469 1487.

1207 547 1457 637 proficiscaris,
1483 572 1555 617 non
1582 552 1707 630 modo,
1733 562 1772 616 ut
1796 572 1928 630 comes,
1953 550 2012 616 sed
2037 548 2161 617 etiam
2181 564 2225 620 ut

1208 664 1328 717 orator
1346 649 1383 715 in
1400 673 1518 717 caussa
1533 673 1607 717 non
1624 651 1727 720 mala.
1781 648 1850 719 Sed
1869 644 1953 717 haec
1971 674 2111 724 coram.

1308 773 1417 851 Mitto
1445 781 1509 848 tibi
1538 803 1696 869 geneses,
1737 795 1770 849 et
1796 779 1964 864 Rectori,
2006 779 2224 852 Hermolai

1208 876 1402 970 Epitomen
1421 881 1581 950 libellum
1599 895 1751 964 tenuem,
1769 882 1826 949 sed
1848 895 1965 951 tamen
1985 884 2092 954 cuius
2110 886 2219 954 lectio

1210 984 1326 1049 minus
1345 983 1397 1050 illi
1415 983 1572 1050 insuavis
1590 984 1667 1064 erit,
1689 1006 1794 1074 qnam
1812 979 1898 1050 mihi
1917 979 2092 1074 sphingos
2108 987 2218 1058 lectio

1208 1085 1292 1152 fuit:
1320 1085 1512 1153 delectatus
1528 1108 1604 1152 sum
1630 1083 1803 1152 allusione
1818 1087 1858 1150 ad
1886 1087 2090 1172 somnium,
2115 1093 2216 1182 quod

1210 1209 1279 1251 ram
1307 1209 1379 1254 non
1406 1185 1557 1254 venisset
1580 1179 1670 1252 mihi
1695 1186 1733 1252 in
1758 1196 1923 1256 mentem.
1978 1186 2051 1257 Sed
2077 1190 2125 1257 ita
2155 1191 2217 1260 fiet

1210 1286 1377 1370 omnino,
1403 1285 1534 1355 Paulus
1552 1285 1745 1374 Apostolus
1764 1288 1910 1354 caudam
1920 1291 2084 1379 serpenti
2104 1315 2215 1382 prae-

1211 1388 1314 1461 cidet.
1844 1394 1850 1405 '
2129 1414 2133 1421 ·

1311 1516 1422 1589 Recte
1452 1541 1472 1586 a
1496 1530 1530 1584 te
1558 1517 1689 1585 factum
1716 1529 1785 1601 est,
1819 1520 1913 1610 qnod
1948 1521 2077 1590 misisti
2104 1527 2209 1597 nobis

1213 1621 1309 1688 illam
1328 1614 1638 1709 reprehensionem
1662 1642 1820 1686 mearum
1843 1622 2125 1703 sententiarum,
2152 1649 2216 1697 seu

1212 1721 1331 1812 potius
1365 1719 1576 1809 Apologiam
1612 1718 1843 1809 opinionum,
1895 1747 1982 1813 quas
2015 1727 2217 1797 adversarii

1215 1835 1369 1894 tuentur.
1403 1818 1480 1890 Etsi
1494 1833 1611 1889 autem
1625 1844 1706 1889 vere
1722 1821 1825 1890 doleo
1841 1823 1950 1890 vicem
1971 1818 2016 1892 V
2010 1823 2062 1893 iti
2068 1819 2122 1919 ¹⁵),
2149 1831 2216 1898 viri

1215 1924 1309 1991 docti
1339 1935 1373 1992 et
1396 1918 1553 2006 honesti,
1586 1934 1704 1990 tamen
1728 1923 2004 2012 disputationem
2029 1928 2151 2018 ipsam
2175 1932 2219 2000 li-

1217 2029 1340 2093 benter
1363 2025 1450 2111 legi,
1473 2023 1553 2115 quia
1574 2023 1612 2089 in
1635 2034 1730 2092 tanta
1756 2048 1874 2092 caussa
1899 2029 2049 2116 prodest
2072 2032 2216 2102 collatio

1216 2125 1430 2194 indiciorum
1459 2127 1504 2193 ad
1527 2147 1627 2192 veras
1650 2125 1840 2194 sententias
1866 2126 1904 2193 in
1928 2128 2065 2198 animis
2088 2135 2219 2202 contir-

1217 2228 1372 2297 mandas.
1424 2224 1615 2316 Sperabam
1634 2239 1751 2294 autem
1769 2252 1847 2294 enm
1870 2240 1911 2297 ut
1926 2230 2048 2298 virum
2072 2234 2219 2304 doctum

1216 2329 1449 2396 deducturum
1465 2351 1530 2394 uos
1544 2350 1617 2394 esse
1631 2330 1674 2394 ad
1691 2329 1846 2397 sincerae
1863 2331 2094 2422 antiquitatis
2119 2339 2221 2406 testi-

1218 2430 1347 2512 monia,
1374 2429 1432 2496 sed
1450 2442 1489 2496 nt
1504 2429 1606 2497 video
1623 2430 1768 2498 deducit
1785 2454 1849 2498 nos
1866 2432 1908 2499 ad
1929 2432 2221 2524 multitudinem,

1216 2524 1279 2601 καὶ
1303 2527 1347 2599 οὐ
1369 2526 1528 2600 παλαιὸν
1545 2525 1732 2622 συρφετὸν
1751 2533 1982 2622 opinionum,
2007 2560 2099 2628 quae
2116 2542 2219 2608 unde

1217 2632 1424 2720 irrepserint
1443 2631 1481 2698 in
1500 2628 1714 2714 Ecclesiam,
1739 2656 1843 2701 nemo
1868 2648 2060 2704 monstrare
2078 2651 2211 2726 potest.

1219 2730 1265 2802 Et
1282 2734 1440 2801 defendit
1456 2734 1627 2824 quaedam
1650 2727 1914 2829 fidsldypnea,
1940 2736 2131 2828 dequibus
2156 2753 2217 2809 te-

1220 2834 1346 2902 nebrae
1369 2848 1418 2902 tot
1441 2835 1598 2921 gentium
1618 2848 1649 2900 et
1673 2835 1871 2902 seculorum
1890 2861 1962 2904 non
1985 2840 2070 2907 satis
2086 2841 2217 2930 deplo-

1219 2935 1289 3004 rari
1306 2950 1464 3024 possent,
1490 2934 1594 3002 etiarn
1616 2934 1645 3001 si
1669 2948 1763 3003 tanta
1785 2935 1934 3006 flumina
1949 2934 2214 3032 lachrymarum

1219 3037 1350 3124 singuli
1373 3037 1581 3118 funderent,
1616 3048 1788 3127 quantum
1809 3041 1987 3106 undarum
2013 3035 2074 3108 hic
2098 3058 2217 3114 noster

1219 3134 1322 3207 Albis
1340 3131 1455 3221 vehit,
1482 3160 1583 3228 saepe
1601 3139 1693 3214 enim
1715 3133 1782 3206 hoc
1799 3139 1926 3226 cogito,
1952 3141 2133 3231 aspiciens
2148 3146 2215 3215 flu-

1218 3262 1312 3311 men.
1364 3236 1601 3327 Respondebo
1625 3239 1763 3328 placide
1792 3253 1824 3308 ct
1854 3242 1993 3328 paucis,
2020 3269 2098 3312 non
2125 3246 2213 3315 enim

1220 3341 1400 3409 instituam
1423 3340 1670 3409 refutationem
1687 3341 1725 3407 in
1750 3341 1855 3408 rebus
1882 3343 2084 3413 manifestis
2106 3363 2141 3418 et
2162 3361 2211 3417 to

1219 3442 1284 3512 ties
1301 3440 1493 3530 explicatis.
1544 3439 1642 3528 Quid
1665 3442 1760 3508 enim
1785 3442 1912 3512 attinet
1927 3445 2118 3534 disputare
2139 3473 2210 3519 cum

1219 3567 1272 3625 eo,
1298 3544 1360 3635 qui
1377 3541 1514 3634 αἴτημα
1530 3542 1597 3609 sibi
1614 3543 1758 3611 concedi
1776 3545 1944 3631 postulat:
1969 3543 2078 3616 Nihil
2095 3551 2133 3618 in
2149 3547 2212 3619 Ec·

1219 3644 1340 3732 clesia,
1367 3643 1487 3728 idest,
1514 3643 1552 3710 in
1568 3645 1808 3724 multitudine,
1836 3669 1999 3715 errorum
2017 3673 2107 3724 esse.
2148 3651 2210 3722 Sed

1219 3742 1415 3817 haecalias.

1320 3877 1377 3947 Ad
1395 3870 1578 3961 Alesiam,
1605 3877 1660 3946 cui
1685 3879 1822 3948 mittam
1844 3876 1930 3952 Viti
1948 3885 2137 3974 epistolam
2151 3911 2209 3958 seu

1219 3980 1386 4049 volumen
1402 3979 1530 4068 potius.
1585 3970 1780 4049 Laterensi
1793 3984 2050 4071 praefationem
2070 3986 2143 4058 Deo
2156 3990 2209 4059 iu·

1220 4094 1323 4151 vante
1351 4081 1419 4148 iam
1448 4075 1636 4150 inchoabo.
1685 4081 1773 4150 Nam
1798 4096 1831 4151 et
1854 4077 2020 4156 Ascanio
2048 4084 2214 4162 hactenus

1220 4196 1255 4253 et
1285 4195 1407 4250 nostro
1436 4179 1690 4250 Iurisconsulto
1722 4180 2014 4257 Francofordiam
2050 4193 2215 4282 migranti

1219 4279 1285 4352 hos
1308 4283 1383 4350 dies
1408 4283 1608 4353 tribuimus.
1662 4281 1770 4353 Mitto
1793 4283 1977 4357 Laterensi
2002 4297 2214 4365 sententiam

1220 4378 1263 4453 de
1280 4381 1491 4480 quaestione
1505 4380 1678 4475 coniugii,
1703 4399 1855 4476 suntque
1871 4381 2101 4487 ὑπογραφαὶ
2119 4399 2222 4468 addi·

1220 4500 1284 4559 tae.
1337 4484 1391 4555 Te
1413 4508 1541 4578 quaeso
1559 4497 1599 4552 ut
1621 4500 1655 4555 et
1679 4487 1712 4555 ei
1732 4482 1915 4572 exhibeas,
1941 4491 2090 4567 etmihi
2113 4500 2217 4589 signi-

1218 4587 1316 4664 fices,
1342 4612 1388 4656 an
1403 4585 1576 4677 acceperis
1592 4586 1666 4676 ipse
1680 4581 1776 4658 hunc
1793 4589 2012 4670 fasciculum.
2066 4595 2170 4673 Bene
2189 4615 2219 4673 et

1220 4689 1367 4758 feliciter
1385 4688 1481 4772 vale,
1508 4687 1566 4755 die
1584 4686 1748 4765 Brumae.

1937 4807 2150 4914 Philippus.

1253 5045 1284 5113 *)
1303 5045 1467 5103 dmerbaebi
1486 5046 1520 5101 C.
1533 5045 1593 5103 W.
