4748 6022
158 238 235 316 591
334 296 337 301 .
752 219 1191 311 EPISTOLARUM
1247 233 1415 314 ulex.
1466 231 1601 316 1647.
2145 238 2226 316 592

161 412 241 484 simi
256 434 461 503 congressus
475 408 612 482 Mariae
626 423 661 482 et
674 401 920 495 Elisabethae,
937 431 1088 503 quarum
1103 401 1163 478 hi·
1214 407 1295 481 citis
1314 423 1368 482 est
1386 411 1426 480 in
1442 433 1568 503 magna
1583 422 1684 504 parte
1700 410 1930 498 Germaniae,
1956 427 2076 484 tamen
2098 414 2226 504 profe-

162 517 271 586 storia
286 540 352 585 nos
369 515 594 584 consolemur
609 526 643 584 et
657 512 870 588 erudiamus.
916 510 1073 589 Ecclesia
1090 522 1164 580 erat
1214 525 1270 583 cto
1298 512 1481 584 nullorum
1503 514 1694 585 amicitiam
1716 515 1830 606 pharis
1857 516 1924 583 teci
1945 539 2058 584 annos
2081 517 2227 587 circiter

164 631 251 688 tunc
285 629 405 687 coetus
439 615 500 684 ille
531 615 694 704 exigeres,
725 637 913 707 oppressus
938 615 982 682 ab
1011 611 1165 698 Herode,
1214 613 1359 704 viginti,
1392 638 1497 708 quam
1520 629 1617 686 tuam
1644 630 1678 688 et
1704 609 1904 685 Ioaelsimi.
1964 614 2045 686 Non
2067 618 2225 689 aliorum

162 712 379 801 Pharisaeis,
405 712 665 806 Sadducaeis²)
688 729 723 786 et
745 713 859 808 alia³)
878 715 986 807 impia
1003 715 1165 784 multitu·
1215 711 1405 786 hominum
1429 718 1576 791 nomina
1597 713 1688 787 mihi
1706 719 1867 788 dulciora
1892 717 2054 801 luerunt,
2075 742 2145 790 uec
2164 721 2225 790 nl·

164 819 259 893 dine.
310 817 394 889 Non
417 818 527 910 igitur
549 818 739 902 miremur,
765 842 861 887 nunc
878 842 1019 912 quoque
1038 813 1165 887 Eccle·
1216 818 1271 887 los
1294 817 1403 887 dilexi
1423 819 1619 888 ardentius.
1671 815 1724 889 Ac
1748 843 1850 910 saepe
1875 820 1919 886 de
1943 833 2105 890 aeternae
2131 823 2224 893 vitae

163 921 252 991 siam
269 943 462 1010 paucorum
479 921 622 1009 piorum
638 941 762 1007 agmen
778 942 862 987 esse.
902 918 1039 988 Deinde
1054 940 1168 1010 quan·
1218 918 1473 990 consuetudine
1487 918 1661 1007 cogitans,
1677 919 1899 989 laetabaribi
1913 943 1978 987 nos
1993 945 2065 990 una
2082 925 2223 994 futuros

164 1023 211 1092 tis
225 1022 264 1090 in
278 1021 429 1089 miseriis
445 1021 528 1088 illae
544 1034 723 1089 matronae
738 1021 883 1090 luerunt
893 1018 936 1113 ⁴),
961 1013 1167 1089 Elisabetha
1219 1043 1310 1105 esse,
1326 1021 1513 1113 etquidem
1528 1022 1572 1089 de
1586 1044 1625 1088 ea
1642 1022 1801 1090 doctrina
1817 1022 1955 1090 assidue
1970 1023 2224 1110 collocuturos,

165 1136 200 1192 et
215 1120 332 1192 Maria
348 1134 470 1192 mater.
523 1117 1000 1217 VideruutaPtolemaeo‘)
1018 1118 1168 1190 interfici
1219 1147 1326 1217 quam
1342 1117 1399 1190 hic
1415 1116 1689 1194 inchoassemus.
1749 1121 1926 1215 Quodque
1944 1121 2224 1197 decethomines

164 1223 312 1313 triginta
336 1223 447 1291 millia
470 1221 702 1306 ludaeorum,
729 1235 763 1292 et
781 1223 984 1314 superstites
1009 1222 1106 1311 cogi,
1131 1233 1171 1289 ut
1220 1227 1362 1307 doctos,
1381 1216 1480 1291 hanc
1495 1236 1653 1293 nostram
1669 1223 1859 1293 amicitiam
1882 1226 1927 1292 ad
1947 1227 2123 1315 publicam
2149 1230 2225 1299 uti-

165 1337 392 1394 vescerentur
425 1325 688 1393 interfectorum
709 1327 886 1395 carnibus.
944 1322 1069 1394 Postea
1093 1319 1170 1391 Eli·
1220 1327 1375 1407 litatem,
1402 1324 1515 1393 donec
1535 1325 1736 1414 potuimus,
1761 1325 1957 1399 retulimus.
2005 1325 2078 1396 Nec
2101 1344 2224 1400 muta-

167 1420 292 1496 sabeth
316 1425 405 1494 vidit
431 1426 581 1497 interfici
602 1419 811 1495 Zachariam
833 1424 1016 1494 maritum:
1044 1424 1171 1493 sortas-
1222 1429 1313 1497 bunt
1336 1425 1408 1494 ulla
1434 1438 1592 1516 tempora
1615 1421 1712 1494 hunc
1735 1450 1852 1495 mcum
1876 1449 1955 1515 erga
1970 1452 2030 1496 vos
2044 1431 2221 1504 animum.

167 1527 216 1596 sis
240 1539 274 1597 ct
296 1526 369 1595 lilio
382 1519 419 1619 8)
444 1540 618 1616 superstes
640 1527 719 1596 luit.
776 1526 945 1596 Feramus
967 1521 1109 1616 igtur⁷)
1137 1536 1172 1593 et
1222 1527 1295 1598 Nec
1306 1549 1370 1596 vos
1384 1540 1497 1596 statuo
1515 1527 1800 1597 benevolentiam
1814 1550 1894 1616 erga
1912 1542 2122 1600 mevestram
2132 1557 2218 1602 mu-

168 1651 235 1697 nos
259 1628 460 1697 communia
475 1624 650 1697 Ecclesiae
673 1627 785 1707 mala,
811 1651 946 1720 nosque
962 1627 1171 1718 cogitatione
1223 1643 1356 1699 taturos
1379 1651 1451 1696 esse
1473 1641 1676 1719 propterca,
1705 1631 1802 1721 quod
1829 1642 1948 1698 nostra
1973 1626 2089 1720 Argo,
2113 1657 2219 1725 quam

168 1729 311 1820 pietatis
330 1742 362 1797 et
379 1729 600 1798 fortitudinis
616 1742 858 1798 matronarum
887 1730 1028 1799 illorum
1045 1750 1171 1797 conso·
1222 1731 1315 1799 male
1338 1742 1510 1800 vexerunt
1523 1725 1750 1818 Argonautae
1775 1730 1905 1815 nostri,
1932 1756 1987 1800 me
2011 1757 2153 1826 quoque
2174 1737 2222 1804 si-

169 1832 298 1899 lemus.
352 1828 427 1897 lam
444 1844 577 1921 quanto
597 1831 754 1924 synodus
773 1831 834 1899 illa
852 1829 988 1900 Mariae
1005 1845 1038 1899 et
1056 1827 1174 1898 Elisa·
1223 1832 1300 1901 mul
1319 1831 1505 1921 oppressit.

169 1925 298 2000 bethae
313 1925 690 2025 antecellit⁸)synodo
708 1930 969 2001 Tridentinae?
994 1929 1039 2002 oti
1054 1924 1174 2027 yolp⁹)
1327 1946 1507 2034 Quorsum
1528 1941 1597 2017 hoc
1619 1947 1803 2019 exordium
1821 1949 1963 2041 inquis?
2014 1948 2226 2046 Lachrymig

172 2029 350 2125 ovetstlqe'
364 2029 405 2123 ¹⁰)
416 2054 492 2102 εστι
507 2026 743 2126 κυνόσβατος
758 2029 840 2105 οὐδ’
852 2026 1175 2126 ἃνιμώνη“)πρό9
1198 2078 1202 2117 ι
1226 2050 1403 2140 impedior
1419 2072 1463 2116 ne
1482 2050 1583 2137 plura
1605 2053 1744 2122 addam.
1795 2047 1933 2120 Literoe
1948 2065 2029 2121 tuae
2049 2056 2226 2144 proximae

171 2128 303 2225 ll‘l‘lffl's
329 2135 446 2226 in‘lull
460 2140 578 2224 P⁰l3l³i
604 2134 1174 2223 5991099991δῖθῖἅῑδθῑῐῃῦῑῑῦἆθ
1199 2126 1202 2242 l
1226 2175 1299 2219 non
1317 2151 1431 2225 solum
1451 2143 1496 2219 V
1492 2149 1560 2235 ito,
1592 2155 1651 2220 sed
1669 2146 1759 2220 mihi
1779 2175 1920 2245 quoque
1937 2152 2041 2222 irasci
2055 2156 2228 2226 videban-

172 2247 226 2304 esl
250 2231 376 2304 harum
400 2237 636 2328 ⁸y¹1⁰d⁰r¹¹m2
661 2259 740 2304 cum
758 2235 970 2305 Tsldtssllssa
994 2249 1177 2326 wimple·
1201 2303 1203 2309 ,
1227 2267 1298 2325 tur.
1349 2250 1546 2341 Suspicaris
1568 2277 1624 2321 me
1646 2253 1847 2345 aliquorum
1869 2257 2094 2327 sermonibus
2110 2271 2229 2328 reten-

153 2336 225 2424 .¹<‘¹⁵
243 2359 344 2404 telae
360 2336 543 2404 d⁰clli¹¹³0
557 2337 719 2406 ediderit·
773 2335 892 2406 Slffl¹¹⁵
908 2338 1016 2426 igitur
1037 2336 1076 2403 3¹¹
1092 2336 1177 2404 Sim·
1201 2336 1204 2425 l
1228 2367 1303 2424 tum
1322 2375 1413 2434 esse,
1430 2377 1500 2443 quo
1514 2355 1633 2421 minus
1649 2354 1739 2423 istuc
1755 2355 1932 2439 venerim,
1952 2357 2015 2448 qui
2029 2359 2228 2429 dubitarint

172 2434 258 2527 plici
281 2434 442 2504 doctrina
464 2438 598 2505 tuenda
621 2436 881 2523 vigilantiores,
907 2451 939 2505 ct
953 2438 1178 2507 concordiam
1201 2430 1204 2475 t
1228 2457 1272 2524 de
1294 2454 1362 2521 fide
1387 2454 1538 2522 civjqatfs
1562 2468 1707 2528 vestrae,
1768 2452 1844 2543 Ego
1868 2480 1951 2525 vero
1974 2482 2057 2527 cum
2080 2460 2147 2529 gibi
2172 2485 2227 2529 re.

173 2550 357 2619 tueamur,
384 2560 518 2626 nosque
532 2536 804 2625 complectemur
820 2534 1019 2630 muiuo¹²),
1042 2553 1082 2607 ut
1097 2539 1179 2607 ittae
1202 2582 1205 2611 ε
1227 2557 1456 2647 sponderem,
1493 2556 1529 2622 in
1564 2557 1624 2624 itta
1651 2569 1769 2624 nostra
1803 2558 1996 2627 solitudine
2019 2559 2228 2632 servestana

175 2651 371 2712 matronae.
423 2635 519 2709 Bene
536 2632 680 2729 νῶθ’)
1228 2657 1300 2738 fui,
1326 2680 1365 2724 ac
1378 2680 1423 2723 ne
1447 2656 1549 2745 potui
1567 2658 1710 2750 quidem
1727 2681 1805 2725 cum
1823 2659 1902 2726 aliis
1918 2659 2120 2733 deliberare.
2170 2659 2228 2730 De

1230 2782 1306 2826 mea
1325 2759 1497 2827 sententia
1513 2758 1661 2826 candide
1677 2754 1771 2826 nihil
1786 2759 1870 2826 mali
1886 2762 2066 2850 suspicans
2078 2786 2228 2852 respon-

1230 2860 1281 2932 di.
1333 2855 1409 2927 lmo
1433 2860 1589 2948 cogitans
1613 2861 1657 2927 de
1683 2860 1823 2929 civitate
1844 2875 1957 2932 vestra
1976 2875 2130 2932 veterem
2149 2889 2230 2935 ver-

1230 2984 1328 3040 sum,
1356 2960 1418 3052 qui
1432 2957 1487 3029 his
1505 2961 1622 3030 verbis
1637 2962 1760 3030 laudat
1773 2958 1927 3031 Atticam
1949 2964 2146 3050 civitatem,

1314 3081 1444 3149 Odessus
1460 3086 1614 3169 οἰκτείρειν
1629 3081 1692 3149 olcis
1704 3082 1788 3167 μόνη
1805 3085 1940 3167 πόλεων,
1983 3099 1988 3105 “

1314 3168 1422 3251 (Quia
1434 3175 1590 3233 miserere·
1602 3175 1695 3234 erosit
1711 3173 1782 3234 sola
1795 3169 1999 3258 urbium)*)
2040 3251 2048 3261 ,

930 2736 1128 2831 Philippus.

178 3119 246 3194 No.
263 3121 378 3196 8929.

192 3217 364 3245 Μ

1062 3141 1095 3201 8.
1109 3131 1170 3202 lut.

1047 3227 1172 3252 Μ

1232 3291 1412 3387 habuique
1428 3317 1548 3364 causas
1562 3295 1632 3382 mei
1648 3295 1787 3364 consilii
1803 3311 1871 3366 tres
1886 3297 2105 3389 praecipuas.
2132 3295 2232 3370 One-

1234 3398 1266 3466 ri
1292 3396 1413 3465 amicis
1437 3419 1509 3466 esse
1533 3397 1654 3487 nolui,
1680 3397 1779 3465 nolui
1800 3399 1924 3488 procul
1942 3422 1962 3469 a
1980 3400 2139 3490 collegiis
2160 3402 2233 3472 dis-

1235 3500 1375 3583 cedere,
1400 3499 1512 3567 metui
1535 3522 1579 3566 ne
1603 3499 1713 3591 siquis
1735 3498 1773 3565 in
1796 3500 2028 3570 concionibus
2042 3497 2234 3573 vehemen-

1235 3601 1306 3670 tius
1327 3600 1549 3692 loqueretur,
1570 3599 1806 3690 suspicaturus
1830 3623 1902 3669 esse
1916 3602 2071 3694 aliquos,
2097 3627 2156 3673 me
2179 3607 2236 3674 in-

424 3307 541 3391 Hier.
569 3305 935 3419 Baumgart‘nero.
1010 3292 1018 3315 ι

156 3476 161 3483 ’
250 3456 337 3528 Epist.
358 3459 405 3515 lib.
419 3461 465 3517 Vl.
492 3479 519 3531 p.
535 3461 582 3516 188
595 3481 654 3544 sqq.
681 3494 717 3545 '’.
763 3464 814 3520 llic
835 3486 865 3518 u
884 3469 1051 3549 autographo
1071 3470 1100 3523 iu
1120 3470 1183 3525 cod.

238 3573 240 3578 ’
286 3528 1186 3669 titillatio.⁰t¹t1tlt²tttt¹.¹⁰‘³¹’‘⁹¹‘¹⁰¹'¹¹¹‘¹·¹⁰·¹“¹·

185 3739 347 3826 Clariss.
374 3753 472 3841 viro,
506 3750 708 3825 eruditione
738 3767 769 3826 et
806 3756 933 3829 virtute
964 3764 1184 3857 praestanti,

184 3849 300 3924 Dom.
319 3853 600 3951 Hieronymo
625 3852 985 3953 Bomgortnero,
1012 3862 1188 3936 Senatori

417 3953 552 4030 Norib.
574 3957 696 4029 amico
718 3985 785 4032 suo
808 3961 935 4036 caries.

114 4135 117 4140 -
184 4070 231 4161 S·
257 4089 300 4162 D.
351 4086 430 4159 Etsi
446 4086 537 4158 mihi
557 4114 619 4160 seu
631 4108 776 4184 propter
793 4097 981 4166 mediocria
1004 4100 1118 4169 studia
1142 4102 1189 4169 li-

185 4205 362 4272 terarum,
390 4217 451 4262 seu
466 4193 716 4287 aliaquaedam
734 4197 847 4267 olficia
865 4223 944 4268 cum
962 4201 1082 4270 multis
1098 4204 1188 4272 ami-

189 4358 416 4375 ἡ

221 4433 251 4502 2)
272 4435 342 4491 coa.
364 4441 428 4495 Bav.
447 4442 612 4499 Sodueaes's.

220 4520 250 4587 3)
269 4523 328 4573 atta
347 4523 408 4581 cod.
429 4525 492 4585 Par.
513 4529 677 4584 nonhabet.

221 4606 251 4674 4)
268 4604 338 4660 cod.
355 4608 422 4665 st.
439 4611 560 4678 fueruat.
659 4600 666 4616 ⁶

223 4689 252 4757 5)
270 4689 339 4743 cod.
355 4690 420 4748 Bav.
436 4694 612 4753 Ptolomaeo.

226 4775 256 4842 6)
274 4772 343 4830 Cod.
357 4773 418 4828 Par.
437 4779 583 4834 mendose:
601 4783 692 4850 filius.

221 4861 253 4928 7)
271 4860 358 4925 s'gs‘tur
381 4859 443 4913 cod.
456 4856 518 4914 Per.
537 4879 594 4915 non
612 4863 700 4920 hebet.

224 4947 254 5008 8)
273 4942 341 4998 Cod.
359 4944 427 5002 Bav.
446 4949 631 5002 antecellunt.
667 4950 792 5009 Fortasse
811 4959 980 5014 antecelluit.

185 5068 191 5075 .
222 5029 252 5098 9)
270 5026 324 5100 γὰρ
342 5028 406 5087 cod.
420 5029 488 5086 st.
508 5030 672 5088 nonhabet.

227 5117 276 5184 10)
294 5113 364 5168 Cod.
377 5114 443 5170 st.
456 5113 612 5186 συμβληιά.

226 5201 271 5266 11)
290 5191 426 5266 dreheim]
445 5197 507 5254 cod.
524 5199 587 5256 Bar.
600 5194 733 5271 desudes.

226 5280 272 5346 12)
292 5288 390 5333 mutuo
410 5280 473 5334 cod.
491 5279 553 5334 Par.
572 5297 630 5335 uon
647 5282 737 5340 habet.

226 5363 272 5434 ts)
293 5364 363 5425 Cod.
381 5364 443 5421 Bar.
461 5363 553 5420 addita
570 5362 622 5422 ll.

1238 3703 1421 3771 citatorem
1455 3724 1539 3773 esse.
1598 3698 1697 3770 Cessi
1720 3700 1827 3788 igitur
1847 3704 2016 3794 tempori,
2046 3727 2175 3797 meque
2198 3707 2235 3776 in

1236 3799 1292 3870 his
1315 3802 1406 3889 iugis
1430 3798 1619 3894 Hercyniis
1641 3801 1782 3883 abdidi,
1815 3804 1879 3871 etsi
1904 3805 2088 3874 nullorum
2118 3801 2236 3877 homi-

1235 3926 1323 3972 num
1347 3903 1564 3970 consuetudo
1586 3896 1676 3970 mihi
1698 3903 1838 3972 dulcior
1852 3919 1958 3989 esset,
1984 3901 2092 3999 quam
2108 3923 2236 3980 vestra.

1236 4001 1334 4072 Haec
1365 4025 1445 4071 cum
1469 4002 1541 4072 sint
1566 4026 1668 4090 vera,
1693 4016 1726 4073 te
1753 4029 1816 4074 oro
1842 4007 1975 4099 nequid
1996 4030 2095 4079 secus
2118 4011 2236 4104 suspi-

1239 4127 1338 4177 ceris.

1344 4214 1388 4291 V
1383 4217 1434 4287 ito
1458 4243 1596 4311 semper
1618 4216 1780 4290 hortator
1802 4222 1874 4304 lui,
1906 4237 1947 4293 ut
1981 4226 2052 4295 tuis
2081 4208 2237 4295 consiliis

1239 4335 1396 4412 pareret:
1431 4323 1558 4390 deinde
1580 4344 1654 4389 non
1678 4334 1814 4391 tantum
1844 4319 1884 4392 V
1882 4320 1991 4408 itum,
2032 4328 2093 4395 sed
2116 4351 2237 4397 omnes

1239 4422 1424 4514 Principes
1446 4437 1480 4493 et
1496 4419 1665 4491 Doctores
1687 4446 1788 4515 saepe
1812 4427 1929 4510 oravi,
1953 4423 2005 4518 μὴ
2023 4431 2237 4526 πολυπραγ-

1240 4526 1371 4616 μονεῖν
1393 4517 1592 4597 καὶπολλὰ
1614 4517 1808 4616 νοσήματα
1831 4525 1998 4598 πολιτικὰ
2022 4520 2153 4622 πρᾴως
2174 4526 2237 4624 ‹pt-

1243 4651 1333 4721 petr,
1347 4621 1411 4697 xci
1423 4619 1475 4716 μὴ
1487 4619 1581 4694 εἶναι
1595 4629 1838 4720 φιλομεμφεῖς
1854 4629 1894 4700 ἐν
1907 4632 2107 4710 πολιτικοῖς
2121 4624 2237 4729 npes'y·

1240 4746 1344 4818 μασι.
1401 4723 1456 4796 Ac
1476 4720 1703 4795 vehementer
1724 4729 1822 4797 dolui
1850 4731 1980 4800 multos
2003 4729 2176 4804 Doctores
2198 4735 2237 4801 de

1243 4826 1396 4918 politicis
1417 4827 1567 4916 negotiis
1596 4829 1788 4919 certamina
1811 4855 1969 4917 movere,
2005 4833 2068 4926 qui
2093 4836 2133 4903 in
2154 4837 2237 4924 dog·

1092 4914 1134 4957 '⁴
1243 4941 1377 4998 matum
1397 4929 1627 5019 explicatione
1641 4930 1732 5001 muti
1747 4946 1840 5004 sunt.
1892 4932 1996 5004 Nunc
2012 4948 2046 5003 te
2061 4960 2239 5021 oro,rur-

1243 5050 1301 5099 sus
1314 5041 1353 5098 ut
1375 5025 1506 5101 Vitum
1523 5031 1766 5121 complectare.
1813 5033 1946 5128 Scripsi
1961 5036 2003 5106 ad
2021 5036 2140 5128 ipsum
2155 5062 2238 5132 quo-

1243 5154 1333 5222 que,
1358 5155 1492 5203 nesea
1511 5146 1544 5203 te
1563 5133 1732 5224 seiungat.

1280 5392 1310 5460 ¹⁸¹)
1329 5376 1426 5450 Verslo
1449 5393 1569 5451 editoris.
