4748 6022
56 305 131 382 sot
644 297 1084 408 arrsronauon
1140 295 1249 377 nra.
1281 295 1329 376 x.
1382 295 1519 373 asar.
2026 307 2103 386 ὅσα

55 478 222 572 pietatem
241 498 325 547 esse.
366 472 451 545 ldeo
471 473 573 543 valde
588 496 651 543 vos
667 496 741 556 oro,
766 485 807 542 ut
821 495 901 542 eum
917 470 1058 552 iuvetis,
1110 465 1235 537 sitiam
1256 467 1487 540 constitutum
1509 462 1641 539 habere
1663 471 1706 540 de
1728 478 1993 550 terevocando.
2043 482 2102 549 Aa

57 583 171 650 donec
192 578 223 646 ei
242 575 465 645 inveniemus
480 570 668 643 honestum
686 573 822 656 locbm,
847 572 910 642 ubi
925 596 1059 640 mercc-
1107 569 1348 640 conditionem
1372 571 1418 641 ab
1441 571 1504 638 illo
1529 584 1706 660 acceptare
1728 574 1830 643 malis
1852 601 1915 645 nec
1939 602 2001 663 ne,
2025 604 2100 650 non

58 682 138 750 dem
161 701 202 747 ex
227 679 348 747 labore
370 675 520 745 docendi
543 674 756 742 mediocrem
772 669 902 743 habere
918 672 1056 762 poterit.
1107 672 1190 739 satis
1203 685 1419 760 compertum
1436 665 1560 741 habeo.
1603 670 1740 757 Quodsi
1754 674 1834 758 tibi,
1857 677 1909 744 mi
1925 672 2102 769 Philippe‚

40 778 161 850 Talia
187 777 328 865 ingenia
344 773 503 866 Respub.
525 775 675 845 debebat
702 774 828 861 eligere
852 777 895 841 ad
915 798 1056 842 conser-
1105 795 1180 839 non
1215 772 1367 861 placeret
1399 769 1557 839 conditio
1585 783 1739 863 essetque
1766 775 1922 860 animus,
1962 780 2099 848 omissis

57 880 238 949 rationem
261 879 464 959 literarum,
487 899 553 964 pro
568 874 721 944 utilitate
736 873 958 965 posteritatis.
984 873 1055 944 Sed
1105 872 1333 941 contentiosis
1358 871 1433 939 istis
1452 871 1579 940 studiis
1604 872 1719 940 redire
1735 873 1778 940 ad
1798 875 1945 964 pristina
1961 879 2022 946 illa
2038 893 2099 950 tua

57 993 219 1072 potentes
236 973 301 1046 hac
318 1001 399 1046 cura
418 999 544 1064 parurn
558 974 779 1046 adliciuntur.
824 972 920 1042 Deus
937 989 1054 1043 tamen
1105 972 1393 1040 illustrandarum
1417 971 1638 1059 linguarum,
1662 966 1932 1063 Philosophiae,
1959 973 2098 1049 Rheto.

57 1080 244 1150 seminaria
262 1077 379 1168 aliqua
395 1088 526 1143 servat:
552 1088 585 1143 et
602 1087 640 1142 ut
656 1088 779 1157 servet,
805 1097 886 1142 eum
904 1096 1055 1144 oremus.
1103 1072 1210 1152 rices,
1234 1070 1459 1154 Dialectices,
1485 1083 1519 1138 et
1541 1071 1609 1138 alia
1632 1072 1707 1139 eius
1724 1075 1881 1161 generis,
1911 1075 1948 1142 in
1970 1078 2098 1168 quibus

57 1179 156 1252 Sicut
180 1179 349 1264 scriptum
374 1190 441 1246 est:
476 1171 605 1257 Orate,
630 1187 671 1242 ut
688 1175 850 1243 extrudat
865 1173 960 1244 Deus
976 1175 1054 1242 ido²
1103 1172 1187 1240 citra
1212 1172 1369 1261 culpam,
1395 1171 1478 1239 licet
1500 1195 1518 1239 a
1541 1171 1700 1239 barbaris
1725 1174 1821 1243 illata
1842 1198 1939 1244 arma
1956 1180 2097 1269 propel-

56 1302 142 1349 neos
172 1277 363 1347 ministros.
422 1273 518 1344 Bene
551 1288 585 1344 et
609 1274 780 1344 foeliciter
800 1274 927 1346 valete.
985 1273 1053 1343 Die
1103 1272 1192 1355 lere,
1220 1287 1254 1342 et
1267 1273 1361 1342 ultro
1380 1267 1516 1340 bostem
1530 1270 1709 1356 lacessere,
1734 1286 1794 1343 tua
1810 1274 1957 1368 iuquam
1970 1278 2100 1363 studia,

55 1380 91 1451 6,
107 1378 222 1462 lunii,
251 1373 359 1447 1547,
1104 1373 1142 1440 in
1163 1373 1291 1464 quibus
1312 1371 1398 1439 olim
1419 1393 1544 1459 magna
1562 1394 1642 1439 cum
1659 1371 1763 1442 laude
1781 1388 1938 1445 versatus
1955 1400 2008 1458 es,
2034 1380 2099 1450 ubi

565 1468 753 1565 Philippus
777 1469 1002 1545 Melanthou.
1103 1487 1136 1542 te
1159 1472 1274 1541 redire
1295 1485 1400 1563 atque
1423 1495 1462 1540 ea
1483 1472 1527 1541 de
1550 1493 1652 1541 causa
1672 1474 1742 1542 alio
1756 1498 1860 1568 quam
1878 1473 2099 1568 Vitebergae‚

1102 1572 1272 1641 nimirum
1295 1572 1334 1640 iu
1356 1572 1431 1641 solo
1453 1571 1562 1641 natali
1584 1572 1679 1663 apud
1692 1568 1886 1646 Rhenanus
1910 1591 1988 1648 tuos
2012 1603 2099 1648 con-

1102 1673 1273 1743 ditionem
1289 1672 1345 1741 vel
1360 1695 1548 1764 quaerere,
1572 1673 1630 1740 vel
1645 1687 1823 1765 acceptare
1836 1677 1946 1761 velle,
1971 1703 2098 1773 meque

53 1833 88 1904 N
142 1830 244 1903 3902
961 1837 982 1897 h
1101 1775 1367 1846 intercessorem
1381 1773 1438 1843 vel
1454 1785 1716 1864 procuratorem
1732 1776 1846 1845 facere
1870 1801 1970 1867 posse
1987 1762 2131 1849 resci}

56 1858 258 1958 ἂνω·
925 1834 1052 1953 Q
1102 1900 1208 1960 vero,
1232 1875 1403 1966 polliceor
1422 1873 1490 1945 tibi
1509 1897 1651 1964 operam
1670 1897 1781 1943 meam
1798 1899 1939 1945 omnem
1958 1880 1997 1946 in
2015 1903 2098 1969 pro-

1103 1976 1257 2045 curanda
1279 1977 1398 2068 aliqua
1422 1970 1568 2045 honesta
1592 1974 1813 2059 conditione,
1839 2001 1907 2067 qua
1925 1980 2034 2048 bonas
2052 1980 2097 2046 li-

1103 2091 1193 2148 teras
1214 2075 1371 2167 profiteri
1397 2097 1514 2168 queas.
1574 2071 1685 2166 ldque
1713 2098 1793 2143 cum
1819 2077 1913 2146 bona
1939 2075 2098 2148 Caesaris

141 2173 163 2236 †
183 2167 221 2222 Ε*
234 2166 389 2241 ⁸P⁰ss¹²t³¹¹⁰
403 2166 432 2220 ³¹¹
444 2166 508 2224 ωδ·
522 2165 618 2224 ΒΜ·
636 2163 701 2220 V⁰¹·
715 2163 736 2221 ¹·
753 2184 780 2238 Ρ·
793 2166 854 2222 ⁷⁰⁴·
1102 2177 1226 2260 venia,
1257 2200 1361 2270 quem
1382 2199 1483 2265 spero
1506 2199 1525 2242 a
1550 2174 1707 2265 principe
1723 2176 1883 2244 omnium
1899 2180 2099 2250 clementis-

1102 2278 1191 2345 simo
1218 2300 1292 2345 non
1314 2298 1440 2361 magno
1468 2276 1589 2343 labore
1610 2275 1838 2365 impetratum
1862 2277 1917 2346 iri.
1977 2277 2097 2367 Quare

53 2320 234 2424 Epistola
269 2316 563 2415 Oberbargii
592 2314 648 2390 ad
677 2315 1054 2413 Melanthonsm,
1163 2377 1172 2393 .

204 2436 212 2453 .
921 2438 940 2452 ..
1102 2377 1278 2445 carissime
1294 2371 1479 2465 Philippe‚
1508 2375 1545 2441 in
1569 2389 1627 2443 tuo
1654 2389 1688 2442 et
1703 2377 1938 2464 professorum
1954 2391 2098 2449 tuorum

157 2446 277 2515 πῆμ’
302 2445 338 2493 ut
353 2443 562 2512 “mentum
578 2429 676 2508 dmt'
693 2443 763 2511 pm
776 2436 809 2499 δ’
822 2427 953 2496 d'lmm‘
1102 2477 1250 2549 arbitrio
1266 2476 1418 2566 positum
1435 2488 1503 2553 cst,
1530 2497 1616 2543 num
1631 2472 1724 2545 Duci
1738 2470 1925 2545 Mauritio
1939 2475 2098 2549 Electori

55 2557 117 2648 Ex
138 2571 196 2645 his
217 2598 306 2667 quae
321 2595 436 2663 nuper
452 2569 614 2662 rescripsi
631 2573 676 2669 ad
691 2570 811 2644 literas
827 2587 921 2660 tuas,
947 2599 1053 2645 orna·
1102 2600 1246 2667 operam
1269 2589 1419 2645 vestram
1442 2575 1537 2643 ultro
1560 2576 1718 2660 deferre,
1742 2598 1789 2644 an
1812 2590 1993 2670 expectare
2008 2581 2098 2650 veli-

56 2679 189 2749 tissime
204 2671 382 2766 Philippe‚
400 2673 494 2751 satis,
516 2673 655 2762 opinor,
682 2673 877 2762 intelligere
897 2678 1054 2767 potuisti,
1101 2677 1165 2760 tis,
1190 2678 1303 2745 donec
1326 2678 1371 2745 ab
1396 2676 1458 2742 illo
1480 2674 1705 2746 revocemini.
1757 2672 1817 2746 Tu
1841 2704 1943 2762 vero,
1968 2681 1998 2749 si
2021 2706 2098 2749 eam

57 2778 142 2873 quid
161 2776 227 2848 tibi
245 2790 280 2847 et
295 2773 552 2866 professoribus
567 2773 765 2843 academiae
782 2772 1054 2866 Vitebergensis,
1101 2801 1262 2868 operam,
1289 2799 1393 2868 quam
1416 2775 1588 2844 extraneis
1610 2774 1832 2863 impendisti,
1862 2775 2007 2868 posthac
2028 2783 2098 2850 tuis

57 2879 119 2973 qui
140 2879 206 2947 sub
228 2872 335 2945 buius
357 2874 444 2944 belli
466 2873 610 2943 initium
631 2873 717 2943 iussi
736 2876 868 2966 oppido
889 2879 1053 2947 excessis·
1101 2877 1237 2945 civibus
1252 2870 1289 2964 *)
1307 2876 1480 2966 impertiri
1497 2897 1571 2943 non
1585 2875 1830 2962 dedignaberis
1846 2903 1970 2972 meque
1986 2881 2098 2950 inter-

56 2994 152 3065 sent,
176 2977 378 3048 faciendum
400 2997 473 3044 esse
489 2974 692 3044 iudicarem.
743 2973 810 3056 At,
835 2990 877 3046 ut
891 2979 1050 3048 omnium
1101 2978 1267 3046 nuntium
1284 2999 1357 3044 esse
1374 2976 1473 3058 velis,
1496 2976 1569 3056 fac,
1591 2996 1733 3065 quaeso,
1756 2977 1871 3045 mede
1890 2975 1952 3046 bac
1971 2995 2096 3048 recer·'

56 3103 176 3150 rerum
204 3075 408 3149 vicissitudo
438 3086 508 3154 est,
545 3072 593 3142 ita
624 3086 735 3142 status
765 3075 861 3145 illius
886 3079 1053 3169 temporis
1102 3078 1248 3160 tiorem,
1283 3089 1318 3145 et
1341 3098 1446 3168 quarn
1470 3073 1729 3156 conditionem,
1763 3097 1867 3165 quern
1892 3078 2006 3146 locum
2026 3080 2097 3148 tuis

55 3172 225 3250 nonnihil
246 3178 377 3244 interea
399 3186 554 3242 mutatus
574 3186 635 3243 est.
689 3170 817 3244 Caesar
841 3178 1053 3269 enimoppi·
1102 3178 1228 3247 studiis
1257 3189 1356 3265 putes
1383 3173 1566 3264 aptiorem.
1624 3169 1724 3242 Dabo
1745 3175 1840 3241 enim
1864 3200 2023 3266 operam,
2056 3195 2098 3250 ut

56 3284 144 3351 dum
168 3277 260 3346 illud
278 3269 371 3346 Duci
393 3267 586 3340 Mauritio
608 3271 764 3343 Electori
790 3276 933 3346 interim
956 3304 1053 3347 com·
1085 3278 1258 3349 ¹studium
1286 3289 1320 3345 ct
1345 3275 1561 3343 voluntatem
1584 3273 1623 3340 in
1646 3284 1706 3341 tuo
1732 3280 1916 3347 commodo
1940 3279 2097 3348 iuvando

55 3377 256 3457 mendavit,
286 3387 347 3445 aut
362 3375 391 3442 si
409 3374 510 3442 malis
524 3366 596 3442 una
612 3398 691 3444 cum
705 3374 810 3444 titulo
825 3374 998 3447 Electoris
1014 3379 1052 3446 in
1101 3373 1192 3446 mihi
1219 3377 1424 3466 neutiquam
1457 3374 1607 3442 defuisse
1642 3395 1838 3458 cognoscas.
1897 3376 1992 3446 Bene
2019 3382 2096 3450 vale

56 3490 265 3575 potestatem
285 3475 360 3544 eius
381 3474 537 3570 tradidit.
590 3471 631 3543 ld
652 3478 746 3566 quod
764 3478 869 3548 multi
884 3492 1054 3568 putarunt
1102 3477 1300 3548 doctissime
1314 3472 1498 3567 Philippe‚
1523 3489 1558 3545 et
1573 3470 1824 3562 Oberburgum
1841 3489 1940 3547 tuum
1958 3503 2046 3548 ama.

57 3606 133 3652 non
153 3581 313 3650 futurum
335 3598 427 3655 esse,
458 3575 528 3643 nisi
547 3574 667 3668 aliquo
682 3579 850 3668 temporis
865 3579 1053 3672 intervallo

57 3681 259 3762 interiecto,
284 3677 390 3747 rebus
410 3674 593 3746 Saxonicis
611 3675 718 3765 paulo
740 3678 845 3749 altius
867 3681 1053 3751 confirma-

57 3784 114 3856 tis.
145 3777 397 3851 Existimabam
415 3775 510 3846 enim
526 3777 659 3846 nedum
676 3778 783 3847 rebus
798 3777 966 3866 Caesaris,
992 3782 1054 3852 sed
1102 3801 1168 3874 No·
1184 3799 1295 3874 3905,
1974 3813 2012 3874 g,
2027 3803 2096 3877 lan.

59 3883 169 3975 ipsius
185 3882 290 3951 etiam
304 3877 414 3949 Ducis
428 3870 613 3945 Mauritii
626 3878 799 3968 expedire,
823 3894 864 3951 ut
880 3906 918 3951 ea
932 3882 1053 3952 muni·
1109 3895 1280 3929 Μ
1968 3898 2097 3925 Μ

60 3987 108 4056 tio
131 3979 351 4074 aliquamdiu
371 3991 460 4048 esset
482 3978 518 4045 in
543 3975 701 4048 Caesaris
721 3994 901 4069 potestate.
950 3982 1053 4053 Post·
1402 4054 1406 4059 ,
1453 3959 1517 4041 Ῑο·
1548 3955 1749 4068 Βΐὶἕθῖῐθι

60 4073 171 4179 quam¹
182 4095 298 4150 atatem
314 4101 390 4148 sors
408 4079 455 4149 ita
469 4078 565 4160 tulit,
580 4076 648 4144 alia
665 4078 807 4149 videtur
821 4083 909 4152 ratio
924 4081 1052 4154 ineun-
1170 4125 1259 4178 naua.
1269 4120 1297 4175 ᾗ,
1311 4138 1372 4191 Ἦ),
1386 4117 1421 4174 ad
1433 4116 1526 4188 δῆμ’,
1539 4136 1583 4189 ep.
1594 4117 1638 4174 ἦ,
1672 4117 1740 4174 cot.
1756 4118 1839 4175 Goth.
1855 4120 1913 4178 133·
1928 4138 1971 4191 ψ,
1985 4121 2028 4178 85.

57 4189 103 4257 da
120 4179 386 4273 professoribus.
435 4176 556 4248 Audio
572 4175 668 4246 enim
685 4175 795 4263 illud,
820 4174 1053 4252 Mauritiam
1914 4221 1918 4227 ·

56 4284 257 4359 illectorem
288 4280 332 4347 de
358 4277 534 4349 academia
556 4275 802 4368 Vitebergensi
825 4279 1052 4353 instauranda
1103 4274 1326 4349 Clarissimo
1346 4272 1441 4355 ciro,
1469 4268 1668 4344 eruditione
1685 4273 1864 4345 stairtate
1876 4281 2095 4372 praestanti,

58 4386 221 4475 cogitare.
272 4376 411 4466 Quodsi
430 4401 553 4448 verum
577 4391 646 4464 est,
672 4402 761 4472 quos
777 4380 837 4450 ille
853 4372 971 4474 potius
990 4384 1054 4453 ad·
1102 4375 1158 4455 D.
1183 4375 1211 4446 I
1216 4373 1363 4446 oanni
1386 4372 1609 4468 Stigelio,
1646 4369 1778 4444 Poetae
1801 4399 1827 4443 a
1851 4370 1979 4446 Masis
2005 4377 2096 4476 ipsis

58 4482 217 4557 hibuerit
241 4503 345 4573 quam
368 4500 426 4547 eos
441 4479 670 4569 professores,
700 4481 763 4573 qui
780 4495 880 4552 antea
898 4482 973 4554 illic
987 4484 1054 4553 do-
1187 4472 1398 4561 Laareato,
1424 4473 1543 4545 amico
1556 4499 1624 4545 sao
1640 4468 1876 4561 charissimo,
1901 4473 1939 4546 S.
1955 4473 2010 4554 D.

43 4583 186 4716 fuere?
208 4578 412 4697 praesiium
428 4578 466 4647 in
482 4591 579 4649 mii
594 4579 713 4671 impia
728 4576 916 4702 h⁰¹¹iii¹um
931 4586 1054 4655 (καθ’
1102 4612 1345 4719 Posteaquam
1360 4625 1424 4694 fati
1439 4624 1493 4692 vis
1507 4645 1573 4692 nos
1590 4621 1734 4704 afflixit,
1757 4608 1852 4714 quod
1869 4643 2007 4715 semper
2023 4650 2098 4698 me.

60 4711 151 4770 rum,
177 4683 297 4776 quales
311 4707 336 4748 n
351 4680 564 4771 professores
577 4702 715 4770 semper
728 4678 841 4769 babrtr
857 4699 951 4756 sunt.
981 4684 1054 4756 lta.

166 4811 172 4823 ,
204 4784 241 4801 ..
365 4780 374 4797 ·
407 4779 416 4796 ·
648 4781 656 4799 ·
1103 4732 1157 4802 tui
1179 4729 1299 4798 multis
1320 4728 1363 4796 de
1386 4725 1516 4808 causis,
1550 4722 1725 4812 sapienter
1749 4717 1839 4790 banc
1862 4725 2095 4796 calamitatem

59 4810 128 4883 que
147 4784 340 4855 mmmm
363 4780 435 4850 '¹1¹⁸
456 4803 558 4871 spem
581 4781 735 4852 “dnum
758 4807 777 4853 ³
797 4781 897 4855 Duce
911 4809 1053 4905 “mci’'
1103 4836 1275 4911 seramus,
1301 4830 1332 4896 et
1352 4849 1372 4894 a
1389 4821 1466 4895 Deo
1483 4835 1641 4914 petamus
1657 4834 1691 4892 et
1707 4835 1942 4913 exspectemus
1959 4826 2097 4917 mitiga-

59 4912 138 4960 sum
159 4885 223 4967 iri,
249 4881 453 4972 praesertim
472 4880 503 4948 si
517 4881 575 4949 vel
589 4880 634 4949 ab
649 4881 751 4972 ipsis,
773 4886 830 4954 vel
847 4884 1053 4978 interposita
1103 4934 1234 5004 tionem
1253 4926 1472 5016 publicarum
1489 4936 1522 4993 et
1535 4922 1752 5013 privatarum
1766 4923 1997 4997 maestarum,

59 5011 164 5081 ‘ipim
191 4984 403 5122 ainifmw’
436 5003 475 5050 ω
502 4984 546 5050 de
569 5004 611 5098 η.
633 4980 872 5103 interminali
872 5035 882 5055 ⁰
931 4985 1055 5081 Neque
1187 5043 1300 5106 dfatta
1321 5039 1391 5100 dies
1411 5043 1589 5118 uariasque
1610 5031 1705 5097 tator
1726 5018 1899 5097 mutabilis
1920 5045 2000 5099 ares·

59 5110 148 5180 opus
172 5097 237 5155 ent
263 5083 433 5173 amplius,
459 5105 534 5151 mea
551 5084 695 5174 quidem
709 5097 902 5171 sententia,
926 5085 1056 5159 Caesa·
1187 5124 1335 5191 Remu,
1359 5129 1393 5181 m
1416 5123 1548 5198 mm,
1576 5119 1674 5199 inqui,
1696 5117 1760 5182 ine·

59 5215 135 5260 Μ’
158 5183 224 5255 hac
246 5185 290 5250 de
311 5206 349 5251 ‘²
371 5181 468 5251 wite
491 5196 676 5274 P⁰⁸¹¹Iu³¹¹¹
702 5182 799 5254 ffli'l‘
817 5187 977 5259 male-‘tm
999 5190 1055 5259 5¹¹⁸
1186 5213 1269 5275 Erit
1286 5217 1319 5269 et
1338 5204 1458 5267 isaram
1472 5223 1586 5266 rerum
1603 5207 1774 5266 conserua
1794 5203 1968 5283 aliquanto
1989 5217 2075 5284 post.

58 5287 183 5383 oppidi
204 5287 244 5354 in
264 5283 413 5352 alterum
435 5282 626 5353 transtulit.
677 5279 783 5371 Quod
801 5287 845 5355 ad
861 5299 894 5357 te
911 5291 1052 5383 quidem
1110 5345 1318 5364 ...---
1642 5303 1652 5316 ,

59 5389 202 5468 attinet,
228 5384 452 5455 submonitus
466 5406 544 5455 sum
560 5384 605 5454 ab
623 5383 763 5472 amicis,
787 5384 921 5458 Ducem
936 5385 1055 5461 Maa-
1138 5416 1168 5488 s)
1186 5416 1263 5470 ..aa
1277 5412 1305 5466 tn
1321 5413 1480 5470 mama..

115 5494 297 5559 Mensura.
308 5488 415 5556 Orsa.
442 5487 526 5554 vos.
538 5485 598 5555 Vl.
1264 5485 1313 5558 36

188 2011 488 2122 Obernbargcr
504 2007 566 2092 ad
583 2009 922 2099 Melanthonem.

1200 3682 1307 3695 nm
