4748 6022
98 150 170 226 841
682 144 1124 224 EPlSTOLARUM
1183 144 1290 220 LlB.
1317 145 1363 222 X.
1417 146 1550 225 1647.
2065 148 2140 228 847

96 349 188 420 quae
204 322 339 396 occasio
347 322 688 395 ineritdiscessionis
697 346 805 408 meae,
820 336 855 393 et
870 321 966 415 quod
981 314 1098 410 huc¹')'
1140 318 1256 389 cultus
1270 312 1314 410 ¹³)
1329 333 1363 391 et
1377 313 1520 411 ignotus
1534 332 1650 392 terror
1667 347 1724 392 me
1740 318 1967 395 vehementer
1982 323 2136 411 exagita-

96 428 256 497 venerim
276 451 355 496 cum
375 424 510 495 familia
532 451 629 510 mea,
654 425 867 514 cognovisti,
893 425 922 492 si
940 424 1095 517 quidem,
1139 420 1201 492 vit.
1254 418 1352 509 Quid
1372 437 1522 493 statuam
1545 449 1689 514 prorsus
1711 450 1784 495 non
1805 421 1932 499 haheo.
1983 422 2074 494 Nam
2094 425 2135 493 in

95 544 138 599 ut
170 554 290 619 spero,
329 529 444 599 nostri
469 529 660 598 familiares
692 524 808 597 isthuc
841 539 1092 618 pervenerunt.
1137 522 1288 613 patriam
1313 519 1461 604 devehi,
1494 528 1591 619 quod
1612 529 1758 612 vellem,
1790 531 1969 622 quomodo
1997 526 2133 596 familia

94 628 200 701 Nunc
219 632 257 699 in
274 630 381 715 urhe,
409 644 448 700 ut
465 631 508 697 ad
525 654 622 719 spem
641 630 857 698 defensionis
873 628 993 709 omnia
1010 641 1093 698 sunt
1136 649 1231 709 mea,
1257 626 1301 694 dc
1317 651 1386 718 qua
1400 628 1551 698 maxime
1566 630 1749 713 sollicitor,
1776 631 1898 721 possit,
1924 653 1998 699 non
2015 629 2132 698 video.

95 732 323 824 explicatiores
338 746 372 802 ct
389 731 584 823 paratiora,
610 733 659 801 ita
675 732 790 801 maior
805 744 857 800 est
872 729 1033 812 miseria,
1058 744 1091 800 et
1135 724 1316 797 Dicuntur
1330 728 1436 798 etiam
1453 727 1640 800 Caesareae
1656 732 1776 823 copiae
1792 733 1854 800 illa
1871 733 1947 801 loca
1964 745 2082 800 tenere
2098 744 2131 800 et

93 836 275 924 calamitas
291 833 433 924 gravior
450 835 582 903 civium
604 834 699 903 inter
714 834 954 902 munitionum
970 845 1004 899 et
1021 832 1089 898 rni-
1136 851 1198 917 per
1213 853 1252 898 ea
1277 832 1445 917 transire,
1478 833 1637 913 subsidio
1654 830 1699 929 ²⁴)
1724 849 1892 906 venturae
1908 833 1988 903 duci
2005 826 2130 901 Mau-

94 935 200 1007 litum
219 940 360 1008 (lamna.
411 931 512 1003 Nihil
527 958 671 1026 possum
688 938 731 1005 de
747 931 804 1005 his
820 936 971 1003 scrihere
986 957 1088 1024 prac-
1135 926 1232 1004 rilio.
1283 928 1404 1002 Etiam
1429 930 1658 1005 exBohemia
1684 928 1874 1031 †magnac
1897 933 2043 1027 copiae''
2065 938 2129 1004 ad-

92 1051 200 1110 terea.
252 1037 375 1106 Vincit
391 1037 485 1106 enirn
503 1062 559 1107 res
574 1040 691 1107 omnis
706 1037 920 1107 narrationis
934 1032 975 1129 ¹²)
993 1050 1089 1105 atro·
1132 1031 1214 1101 duci
1236 1035 1364 1106 ferunt.
1418 1033 1461 1103 ln
1485 1031 1541 1104 his
1563 1037 1671 1126 igitur
1689 1038 1833 1108 latebris
1850 1032 1911 1133 ²⁵),
1936 1039 2049 1106 donec
2066 1038 2128 1106 de-

94 1141 255 1224 citatem,
281 1152 314 1208 et
328 1135 530 1233 Sylrester,
556 1164 637 1209 curn
652 1139 793 1230 Lipsiae
810 1139 931 1223 fuerit,
957 1140 1088 1206 referre
1132 1134 1263 1203 saeviat
1277 1137 1462 1225 paululum
1480 1132 1608 1232 †haec
1624 1139 1826 1229 tempestas''
1842 1140 1934 1230 apud
1952 1138 2126 1227 optimum

92 1243 240 1332 poterit,
273 1265 363 1334 quac
387 1242 460 1331 ipse
484 1242 574 1310 vidit
597 1265 637 1310 ac
659 1242 808 1315 audivit.
859 1234 1087 1308 Franciscus
1132 1236 1329 1327 principem
1354 1233 1568 1333 †ovreiioc
1585 1236 1748 1331 ἐμαυτὸν
1763 1236 1804 1334 ²⁶)
1823 1236 2019 1334 disperiet
2054 1237 2124 1309 Sed

91 1336 335 1434 Cromies¹³),
357 1344 414 1411 rir
430 1343 595 1433 optimus,
622 1346 715 1433 apud
733 1343 928 1435 principem
944 1343 981 1409 in
998 1343 1087 1411 urbe
1131 1342 1274 1430 quando
1292 1336 1435 1410 erithoc
1453 1343 1612 1431 tempus?
1637 1342 1716 1411 Hoc
1727 1344 1898 1411 nimirum
1916 1342 2124 1433 permitten-
2151 1356 2156 1375 “

92 1457 145 1514 est
162 1439 203 1540 ¹⁴)
227 1470 245 1513 a
273 1470 344 1538 quo
366 1440 445 1512 heri
469 1445 588 1514 literas
611 1446 729 1536 accepi
757 1442 903 1515 honeste
928 1444 1083 1534 scriptas.
1131 1441 1216 1508 dum
1240 1438 1316 1508 Dco
1340 1456 1402 1514 est.
1454 1440 1544 1511 Heri
1569 1446 1759 1534 putabatur
1781 1445 1917 1536 aliquid
1942 1444 2124 1535 copiarum

91 1545 164 1617 Sed
189 1543 346 1617 honestis
371 1546 527 1615 consiliis
551 1546 649 1614 locus
677 1572 793 1641 neque
818 1561 919 1616 antea
942 1546 1086 1615 relictus
1131 1536 1200 1609 huc
1215 1556 1403 1613 venturum
1422 1567 1513 1629 esse,
1545 1549 1605 1614 sed
1622 1549 1801 1617 traductae
1816 1548 1984 1616 dicuntur
2000 1568 2123 1613 omnes

90 1650 177 1733 suit,
212 1673 326 1741 neque
350 1672 445 1717 nune
467 1649 540 1717 fere
562 1649 786 1741 relinquitur.
838 1648 938 1718 ldem
962 1651 1006 1716 ad
1031 1672 1086 1715 me
1131 1643 1170 1711 in
1184 1641 1334 1716 Salinas.
1373 1644 1481 1716 Latae
1494 1661 1710 1718 autemsnnt
1726 1649 1964 1732 conditiones,
1987 1647 2123 1740 dequi-

91 1751 288 1821 transmisit
310 1751 430 1819 literas
451 1742 712 1843 Landgraeir',
746 1742 874 1843 quihus
897 1751 1087 1840 respondet
1131 1746 1197 1812 hus
1219 1759 1255 1815 et
1277 1747 1406 1821 deinde
1425 1751 1468 1817 tle
1492 1750 1595 1819 nobis
1613 1752 1700 1842 quid
1722 1752 1882 1820 futurum
1901 1751 1965 1834 sit,
1992 1750 2120 1821 nescio.

90 1853 173 1924 tuis.
239 1847 394 1921 Additac
418 1864 519 1920 erant
541 1867 575 1921 et
592 1848 630 1945 ¹⁵)
656 1853 784 1920 alterae
816 1854 860 1919 ad
882 1850 1085 1941 Principem

91 1946 306 2047 Georgium,
329 1978 478 2048 quarum
495 1955 693 2042 exemplum
709 1954 917 2022 inclusimus
933 1949 989 2020 his
1005 1953 1085 2021 lite-

90 2056 154 2126 ris.
208 2056 241 2124 T
244 2079 317 2135 uas,
338 2057 506 2125 dubitans
524 2079 604 2123 sane
615 2055 768 2139 multum
783 2079 821 2123 ae
839 2056 913 2139 diu,
936 2080 993 2123 mc
1006 2069 1085 2123 tan-

91 2159 175 2224 dem
200 2153 405 2225 cohortante
428 2151 489 2254 ¹⁶),
524 2157 715 2246 resignavit
736 2157 917 2247 princeps,
949 2171 983 2226 ct
1005 2180 1085 2247 per-

89 2282 198 2349 quam
224 2259 371 2327 sollicite
390 2259 570 2326 mandavit
587 2253 695 2342 mihi,
727 2273 767 2328 ut
789 2254 857 2326 hoc
873 2259 1003 2327 sactum
1023 2283 1084 2326 ex-

92 2382 252 2427 cusarem
269 2361 382 2427 literis
402 2361 500 2431 meis.
552 2357 620 2428 Cui
635 2360 779 2452 quidem
796 2361 890 2443 dixi,
917 2384 973 2428 me
988 2360 1084 2429 arbi-

88 2461 197 2544 trari,
237 2461 306 2529 nisi
326 2463 457 2530 sactum
479 2457 547 2528 hoc
570 2462 711 2546 fuisset,
751 2473 785 2530 te
808 2462 953 2530 moleste
977 2462 1084 2530 luisse

91 2564 267 2646 laturum,
308 2577 413 2656 atquc
437 2562 586 2632 omnino
610 2564 828 2649 existimare,
860 2564 1084 2633 excusatione

92 2666 184 2755 apud
202 2677 235 2733 te
249 2690 324 2733 non
339 2688 448 2754 egere.
494 2663 556 2733 Me
573 2666 822 2755 contemplatio
838 2677 909 2736 tam
925 2661 1084 2736 horribi-

33 2846 37 2851 .
92 2767 137 2834 lis
153 2767 225 2835 irae
244 2768 406 2852 divinae,
432 2768 621 2856 grassantis
636 2763 676 2861 ¹⁷)
700 2768 815 2837 indies
829 2768 953 2852 latius,
977 2782 1010 2837 et
1028 2793 1084 2837 re-

91 2882 230 2959 spectus
246 2894 425 2953 meorum,
460 2885 493 2938 et
510 2885 623 2940 metus
642 2870 878 2961 praesentium
893 2884 996 2963 atque
1015 2870 1083 2937 im-

90 2972 324 3060 pendentium
349 2972 493 3060 insnpcr
511 2973 752 3062 periculorum
775 2973 922 3041 mirifice
947 2987 1084 3063 pertur-

90 3067 222 3165 bat¹⁸),
246 3087 351 3164 atque
365 3073 476 3140 sentio
494 3087 609 3141 motus
626 3074 805 3144 interdum
821 3075 945 3157 animi,
964 3075 1084 3166 quales

90 3172 240 3239 minime
261 3173 409 3251 vellem,
442 3174 621 3241 interdum
644 3189 851 3245 consternor
872 3176 1083 3244 conscicntia

91 3266 375 3367 ἁμαρτημάτων
394 3270 435 3367 ’“·)
456 3298 496 3343 τε
519 3269 583 3344 καὶ
605 3268 940 3367 παραπτωμάτων,
976 3292 1009 3346 et
1031 3291 1085 3345 ta-

92 3398 176 3440 men
193 3371 237 3466 ²⁰)
263 3389 442 3460 sustento,
474 3389 514 3445 ut
531 3399 691 3466 possum,
724 3389 828 3469 teque
846 3401 927 3461 oro,
953 3392 994 3448 ut
1016 3379 1085 3447 tuis

91 3475 320 3543 sanctissimis
338 3479 501 3567 precibus
523 3480 747 3547 commendes
762 3492 919 3548 nostram
936 3481 1083 3549 salutern

90 3572 255 3659 Christo,
287 3571 445 3670 mihique
468 3580 712 3662 veniam‘des,
752 3582 849 3672 quod
874 3582 951 3650 siue
974 3582 1084 3651 dubio

91 3679 252 3746 dolorem
272 3692 371 3747 tuum
390 3703 498 3768 augeo
517 3672 634 3770 ταύτῃ
651 3684 698 3771 τῇ
720 3676 949 3778 ὁμολογήσει.
1002 3683 1084 3751 Mea

90 3780 164 3848 sive
180 3780 261 3867 fuga
273 3781 345 3848 sive
362 3781 526 3850 discessio
544 3784 623 3849 data
634 3794 685 3850 est
698 3783 853 3851 familiae
867 3809 978 3869 meac,
995 3811 1085 3877 quo-

90 3905 173 3951 rum
188 3883 408 3973 perculsione
424 3883 651 3952 molliebatur
668 3883 808 3954 animus
825 3881 888 3975 ²¹),
918 3882 1007 3965 ὥςτε
1024 3914 1086 3958 αε-

91 3984 170 4055 σεῒν
187 3978 301 4055 ἐνίοτε
319 3979 428 4078 παρὰ
438 3979 560 4056 ποσίν.

193 4084 262 4155 Sed
282 4100 316 4156 et
331 4082 373 4181 ²²)
397 4087 465 4155 alia
482 4081 572 4153 mihi
589 4086 767 4174 ingentem
784 4089 1012 4159 formidinem
1028 4091 1086 4159 in-

90 4186 278 4271 iiciebant,
310 4191 353 4257 de
376 4189 506 4282 quihus
522 4188 750 4257 scribendum
769 4205 934 4274 nonest,
968 4208 1002 4263 et
1025 4219 1085 4263 oc-

129 4334 171 4400 11)
192 4335 244 4384 hnc
257 4351 313 4384 non
328 4332 406 4385 babet
419 4333 480 4385 eod.
496 4332 576 4386 Mon.
586 4332 630 4388 88.
646 4331 1014 4405 ·lntelligitMerseburgum,
1029 4356 1084 4407 quo

162 4420 189 4453 se
200 4401 353 4454 contulerat
370 4402 550 4454 Camerarius.

128 4486 172 4555 12)
190 4486 261 4541 cod.
277 4486 355 4539 Mon.
368 4486 410 4540 88.
427 4488 557 4541 omnium
573 4467 789 4543 uenationum.

130 4568 176 4636 18)
197 4568 268 4622 cod.
283 4569 362 4623 Mon.
376 4570 418 4624 88.
434 4570 619 4621 &ammius—

128 4656 172 4725 14)
188 4655 207 4711 i.
222 4676 246 4710 e.
259 4654 365 4725 Lipsiae
379 4657 448 4733 apud
465 4655 626 4708 Mauritinm
644 4655 761 4709 Ducem.

130 4740 174 4805 15)
194 4750 222 4793 et
236 4741 310 4793 abest
325 4759 339 4793 a
355 4741 417 4796 cod.
436 4741 512 4793 Mon.
526 4741 568 4795 88.

130 4825 175 4894 16)
195 4824 264 4879 Cod.
279 4824 358 4877 lllon.
374 4825 418 4878 88.
432 4827 575 4877 recreante.

129 4908 174 4976 17)
195 4906 264 4962 cod.
278 4908 577 4975 hlon.88.graoantis.

129 4991 173 5061 18)
192 4990 279 5046 Mant.
294 4996 477 5058 perturbant.

60 5124 67 5133 .
129 5080 176 5148 19)
195 5078 418 5135 corsitanus.
439 5075 561 5151 ἁμαρτῇ.

125 5167 173 5233 20)
191 5162 327 5218 Excidisse
343 5163 465 5217 videtur:
492 5180 547 5217 me.

126 5250 176 5320 21)
196 5248 264 5307 cod.
282 5248 363 5302 Mon.
377 5248 418 5302 88.
437 5247 529 5303 addit:
554 5266 643 5302 mene.

127 5335 174 5404 22)
195 5341 234 5402 el]
249 5333 337 5388 etant.
354 5342 398 5402 te,
420 5333 558 5388 mendose.

1131 1842 1301 1936 Optimus
1318 1849 1481 1940 princeps
1489 1845 1674 1945 Georgius
1690 1854 1893 1941 ingentibus
1909 1852 2002 1922 curis
2016 1853 2121 1943 plane
2230 1905 2234 1915 .

1131 1949 1335 2031 coniicitur,
1369 1964 1400 2020 et
1419 1976 1480 2020 sna
1496 1953 1713 2041 benignitate
1729 1957 1814 2023 dnm
1833 1957 1998 2046 prodesse
2013 1978 2120 2045 quam

1130 2050 1293 2138 plurimis
1311 2046 1353 2144 ²⁷)
1369 2054 1504 2137 studet,
1524 2051 1724 2148 †magnis”
1737 2057 1902 2146 periculis
1916 2079 1988 2124 sese
2003 2055 2120 2122 invol-

1129 2152 1192 2222 vit.
1235 2151 1317 2220 Non
1333 2154 1427 2222 enirn
1443 2168 1495 2224 cst
1509 2180 1605 2225 nunc
1619 2158 1714 2226 ullus
1730 2158 1872 2240 virtuti,
1896 2153 2120 2241 humanitati,

1129 2254 1365 2323 moderationi
1395 2259 1507 2328 locus.
1564 2256 1702 2328 Litcras
1730 2261 1828 2329 misit
1855 2263 1899 2328 ad
1929 2274 2119 2350 utrumque

1128 2355 1345 2446 principem,
1371 2382 1457 2449 quas
1472 2361 1510 2426 in
1526 2384 1632 2451 quam
1645 2375 1780 2451 partem
1795 2362 1969 2451 accepturi
1985 2357 2120 2454 sint²⁶);

1130 2478 1213 2524 sane
1230 2481 1403 2531 veremur.
1443 2459 1516 2529 Nos
1528 2458 1645 2531 adhuc
1659 2463 1752 2531 inter
1767 2478 1838 2533 tarn
1854 2464 2046 2532 multonrm
2066 2464 2119 2531 af-

1129 2557 1302 2627 flictiones
1321 2574 1355 2629 et
1378 2561 1416 2628 in
1434 2561 1581 2653 publica,
1599 2566 1752 2656 quadam
1773 2565 1872 2633 clade
1889 2564 2040 2655 protexit
2056 2566 2120 2633 be·
2231 2590 2237 2617 ¹

1130 2660 1236 2748 nigne
1253 2656 1294 2751 ²⁹)
1319 2663 1438 2743 Deus,
1465 2688 1554 2757 qnos
1571 2668 1676 2736 etiam
1691 2662 1736 2757 ³⁰)
1756 2664 1899 2757 posthac
1920 2668 2142 2735 misericor-'

1130 2763 1188 2831 dia
1204 2786 1265 2832 sua
1281 2766 1507 2836 defensurum
1525 2791 1609 2849 esse,
1629 2782 1800 2862 qnantum
1815 2792 1956 2859 possum
1967 2770 2120 2851 conlido,

1130 2879 1164 2934 et
1181 2887 1244 2953 ago
1262 2866 1294 2933 ei
1311 2862 1351 2961 ³¹)
1370 2869 1631 2963 qualescunque
1648 2871 1775 2959 gratias
1790 2896 1870 2939 cnm
1886 2872 1992 2951 meis,
2017 2886 2050 2940 et
2067 2871 2118 2937 illi

1130 2970 1340 3036 commendo
1362 2971 1636 3060 rempublicam,
1669 2972 1728 3040 cui
1755 2972 1891 3040 utinam
1922 2997 2060 3059 possem
2076 2968 2120 3064 32)

1129 3069 1206 3156 opis
1222 3069 1357 3162 aliquid
1375 3073 1510 3140 adferre
1528 3072 1672 3141 interitu
1689 3097 1778 3141 meo.
1821 3069 1920 3140 Nihil
1939 3074 2009 3140 sere
2023 3074 2119 3164 qnod

1129 3169 1318 3238 scriberem
1328 3174 1525 3262 ampliosin
1534 3187 1686 3242 mentem
1695 3168 1784 3241 mihi
1795 3175 1967 3245 veniebat.
1986 3174 2121 3243 Trans·

1130 3271 1196 3339 ibit
1212 3266 1399 3363 Sylvester
1418 3289 1496 3344 tuns
1516 3277 1633 3364 copias
1650 3271 1839 3359 Electoris3
1868 3271 1979 3355 nihil,
2007 3300 2120 3368 spero,

1130 3373 1162 3440 ei
1176 3373 1325 3462 periculi
1343 3376 1438 3459 iore,
1470 3377 1533 3445 etsi
1550 3402 1570 3446 a
1587 3377 1733 3445 militari
1751 3400 1860 3445 manu
1876 3373 1944 3445 hoc
1964 3391 2121 3467 ternpore

1130 3474 1252 3542 omnia
1274 3488 1357 3544 sunt
1379 3480 1579 3547 metuenda.
1630 3476 1719 3545 Vale
1741 3478 1791 3544 mi
1812 3479 2018 3548 suavissime
2034 3477 2121 3549 Phi-

1130 3576 1235 3666 lippe.
1267 3574 1395 3646 Nostra
1412 3580 1546 3648 familia
1565 3592 1598 3649 te
1614 3593 1647 3648 ct
1662 3592 1742 3648 tuos
1757 3579 1896 3652 salutat.
1922 3574 2124 3667 Bornerus,

1129 3678 1186 3744 vir
1202 3678 1358 3768 optimus
1373 3692 1408 3746 et
1423 3681 1562 3769 pietatis
1580 3705 1619 3749 ac
1634 3682 1834 3751 studiorum
1849 3683 2122 3763 amantissimus,

1131 3779 1314 3847 mirificam
1330 3805 1472 3869 operam
1489 3780 1755 3875 navatLipsiae,
1777 3807 1882 3875 quern
1901 3770 2121 3873 hoerlomine

1131 3905 1149 3948 a
1167 3894 1200 3949 te
1215 3883 1325 3972 magis
1350 3877 1524 3977 †etiam''
1538 3909 1643 3978 qnam
1658 3899 1759 3954 antea
1775 3885 1884 3953 amari
1901 3886 2016 3977 cupio.
2049 3886 2122 3957 Da-

1131 3994 1185 4050 tae
1210 3981 1414 4076 Meirsbnrgi
1438 3987 1496 4056 die
1519 3988 1554 4059 8.
1580 3983 1755 4071 Ianuarii,
1793 4011 1887 4056 anno
1910 3989 2124 4058 instauratae,
2182 4026 2187 4033 -

1131 4086 1253 4154 salutis
1273 4086 1382 4159 1547.

1504 4081 1534 4184 †
1550 4086 1593 4156 Τ.
1609 4083 1810 4158 loaehimus
1826 4087 2075 4161 Camerarius.''

1163 4309 1210 4375 23)
1230 4320 1257 4362 et
1271 4313 1395 4363 oeereltus
1408 4309 1436 4362 in
1455 4310 1517 4365 cod.
1531 4310 1613 4366 Mon.
1628 4312 1671 4366 88.
1686 4312 1886 4366 desiderantur.

1163 4394 1210 4457 24)
1231 4392 1300 4449 Cod.
1318 4394 1401 4448 Mon.
1416 4395 1576 4453 88.&cb1'w·

1165 4474 1214 4539 85)
1236 4476 1324 4530 hlanl.
1337 4478 1446 4532 latebis.

1165 4559 1214 4629 26)
1233 4559 1591 4642 Cod,lll0p.88.mendose:
1604 4562 1886 4635 συσειλαςὲμαντμ-
1905 4566 2128 4639 lllenliusgraeca

1199 4640 1392 4694 praetermisit.

1166 4712 1211 4777 27)
1227 4717 1363 4780 prodesse
1375 4733 1461 4784 quam
1475 4718 1621 4785 plurimrs]
1635 4718 1722 4771 Manl.
1738 4730 1867 4773 auertere
1883 4724 2020 4788 periculo.
2058 4724 2129 4777 For-

1201 4792 1269 4835 tasse
1282 4784 1414 4853 scriptum
1430 4785 1496 4839 luite
1514 4785 1578 4839 dum
1593 4788 1721 4857 prodesse
1735 4808 1763 4861 q.
1774 4788 1932 4861 plurimiset
1945 4804 2069 4847 evertere
2080 4812 2128 4865 pe-

1200 4849 1296 4932 ricula.
1314 4882 1350 4893 -
1383 4853 1543 4908 Lectionem
1563 4856 1670 4911 codicis
1688 4859 1820 4929 praetuli,
1845 4861 1907 4931 qnia
1926 4860 2053 4931 prodesse
2071 4863 2131 4917 eliis

1201 4920 1370 4985 senegaune·
1382 4922 1467 4993 magis
1479 4925 1610 4979 convenit
1622 4944 1703 4997 quarn
1721 4935 1843 4983 evertere
1855 4929 1977 5000 pericula
1992 4930 2109 5001 publice.

1164 5005 1216 5072 28)
1235 5002 1325 5061 etant.
1340 5008 1413 5062 sitis.

1167 5087 1213 5152 29)
1233 5089 1363 5158 benigne]
1377 5090 1465 5147 Mani.
1482 5096 1602 5163 quidem.

1167 5170 1214 5240 80)
1230 5189 1301 5239 quoe
1314 5174 1724 5247 eliam1cod.Mon.88.quem
1738 5194 1774 5235 et.

1167 5258 1215 5325 81)
1233 5258 1271 5323 ei]
1283 5257 1347 5314 cod.
1361 5260 1441 5317 Mon.
1452 5262 1496 5320 88.
1515 5264 1588 5318 huie.

1170 5338 1217 5409 ⁸2)
1235 5340 1326 5397 Meni.
1334 5346 1451 5411 purim.

1215 5416 1218 5423 ’
1248 5416 1300 5491 22
1314 5409 1336 5451 ⁴
