4748 6022
267 284 348 355 eoa
563 205 571 219 κ
849 269 1291 349 urtsronaauoa
1349 271 1470 376 ata,
1493 273 1541 351 x.
1596 271 1728 352 1546.
2238 283 2319 356 eos

278 459 467 550 impeditae
488 469 688 543 temporum
709 448 927 521 confusione.
978 443 1076 517 Haec
1093 469 1133 514 eo
1150 443 1270 514 brevi·
1322 446 1485 515 deexitu.
1519 445 1588 517 Sed
1606 472 1673 516 nos
1687 446 1803 518 Deum
1819 462 1999 519 aeternum
2015 463 2149 540 patrem
2167 449 2321 521 Domini

174 624 177 628 .
278 576 331 630 ter
354 557 496 648 scripsi,
531 568 571 623 ut
594 553 713 644 aliquo
730 552 835 619 modo
853 549 1013 619 animum
1030 562 1131 618 tuum
1150 545 1272 615 solici-
1322 547 1436 616 nostri
1464 545 1540 617 lesu
1556 544 1691 619 Christi
1713 572 1873 630 oremus,
1898 564 1938 619 ut
1958 553 2069 620 exitus
2086 555 2131 622 sit
2150 553 2322 623 Ecclesiis

281 661 404 733 tudine
422 661 465 724 de
483 679 557 738 me,
583 655 747 725 levarem.
1323 648 1505 732 salutaris,
1544 664 1579 720 et
1609 675 1653 719 ne
1684 653 1844 720 deleatur
1868 676 1950 720 vera
1977 654 2147 727 doctrina.
2212 656 2323 744 Quod

383 758 496 826 Venio
526 757 571 825 ad
601 756 748 824 alteram
780 765 878 821 tuam
903 749 1108 840 epistolam,
1142 748 1181 816 in
1205 770 1275 840 qua
1324 774 1409 818 vcro
1431 763 1630 839 praetextus
1654 752 1815 840 lingitur,
1848 777 1923 820 non
1943 756 2062 846 quaeri
2081 757 2240 826 veritatis
2257 782 2325 848 op·

281 884 371 957 pene
396 857 594 950 expostulas
613 879 749 925 mecum
767 856 812 922 de
832 852 1275 943 nescioquoromsermo-
1327 851 1562 943 pressionem:
1598 877 1739 922 oremus
1767 854 1872 923 etiam
1897 851 2032 938 Deum,
2066 870 2105 924 ut
2134 857 2227 946 ipse,
2262 859 2324 950 qni

282 965 401 1039 nibus,
418 983 506 1053 qnos
522 952 603 1051 περὶ
617 950 755 1049 μυσίας
766 945 991 1048 κοιράνου*)
1005 944 1145 1022 ἐνθάδε
1157 949 1277 1043 19va-
1328 965 1379 1021 est
1397 952 1575 1042 inspector
1591 954 1769 1038 cordium,
1801 956 1961 1025 ostendat
1977 955 2081 1026 etiam
2102 956 2140 1023 in
2158 958 2324 1028 adversa-

287 1061 432 1136 λοῖσθαι
450 1059 627 1159 ἔγραψας.
679 1054 830 1126 Affirmo
845 1078 940 1138 vere,
966 1078 1021 1121 me
1038 1076 1103 1121 nce
1117 1052 1208 1120 male
1224 1052 1281 1118 lo·
1328 1053 1391 1122 riis
1406 1053 1508 1121 illum
1525 1054 1645 1138 ¹sucum
1659 1055 1728 1123 sibi
1744 1055 1940 1147 displicere,
1961 1070 1995 1125 et
2010 1070 2234 1127 ostensurum
2250 1083 2323 1129 esse

287 1167 351 1261 qui
375 1165 418 1233 de
442 1187 502 1246 eo,
526 1185 591 1230 nec
608 1159 731 1227 audire
749 1157 836 1224 alios
851 1155 943 1224 male
958 1153 1156 1245 loquentes.
1206 1148 1280 1220 Nec
1329 1179 1404 1224 non
1420 1153 1556 1226 dubito.
1593 1151 1744 1225 Etiamsi
1760 1156 1872 1227 multa
1892 1151 1948 1225 his
1963 1158 2091 1246 viginti
2109 1160 2323 1259 annissdicta

290 1292 347 1338 me
369 1265 409 1333 in
428 1277 529 1333 tanto
553 1263 652 1331 luctu
674 1258 813 1327 sabellis
835 1257 965 1326 talibus
986 1255 1153 1324 delectari
1168 1264 1281 1345 putes.
1331 1269 1365 1325 et
1383 1257 1472 1325 lacta
1495 1269 1578 1326 sunt
1601 1256 1720 1325 minus
1742 1258 1941 1324 moderate:
1975 1271 2092 1326 tamen
2115 1285 2186 1327 non
2216 1286 2326 1353 prop.

289 1366 339 1439 Et
356 1378 574 1458 perspectum
591 1385 664 1430 esse
679 1360 801 1428 multis
813 1356 973 1426 animum
989 1381 1107 1425 meum
1125 1378 1205 1443 erga
1222 1376 1283 1420 ve·
1332 1371 1424 1427 terea
1442 1381 1559 1426 veram
1577 1357 1776 1426 doctrinam
1794 1357 1970 1442 abiiciam,
1986 1383 2051 1428 nec
2069 1360 2222 1430 laudabo
2242 1387 2326 1452 par·

293 1485 385 1541 stros
399 1463 563 1535 homines
578 1463 750 1543 arbitror,
771 1459 834 1552 qui
847 1471 952 1528 testes
970 1481 1043 1526 esse
1058 1468 1223 1549 possunt,
1250 1466 1283 1522 et
1333 1458 1523 1527 ricidarum
1546 1457 1706 1530 consilia.
1757 1456 1868 1549 Spero
1894 1460 1999 1528 etiam
2022 1462 2235 1530 mediocrem
2252 1464 2327 1530 eri-

295 1568 397 1658 diligi
416 1568 532 1660 ipsum
556 1588 576 1632 a
599 1586 676 1640 me,
704 1574 738 1630 et
760 1583 862 1651 saepe
883 1560 1022 1649 ineptos
1037 1579 1215 1627 sermones
1228 1578 1284 1623 re·
1333 1574 1420 1630 tum.
1481 1556 1641 1628 Gratiam
1668 1559 1772 1627 vobis
1802 1555 1914 1628 habeo
1942 1585 2007 1651 pro
2035 1564 2186 1650 pagella,
2219 1589 2328 1656 quam

295 1675 427 1742 lutatos
448 1691 539 1756 esse,
566 1666 605 1732 in
626 1662 724 1756 quib.
749 1657 911 1730 homines
936 1654 1125 1755 <loripedes
1145 1652 1209 1728 καὶ
1224 1679 1286 1751 φι-
1334 1660 1496 1729 misistis:
1534 1675 1570 1728 et
1599 1683 1675 1728 eam
1699 1684 1762 1750 per
1783 1660 1966 1750 proprium
1992 1662 2234 1748 tabellarium,
2269 1663 2330 1733 cui

298 1767 427 1844 λυίτιοι
451 1770 493 1838 de
516 1764 639 1835 vestris
660 1786 758 1832 secus
780 1761 887 1831 locuti
911 1774 1003 1834 sunt.
1060 1758 1199 1829 Deinde
1221 1779 1287 1824 nos
1336 1784 1399 1849 ego
1417 1764 1614 1830 mercedem
1629 1762 1730 1844 dedi,
1756 1762 1909 1835 remitto.
1960 1760 2195 1836 Benevolete.
2246 1762 2328 1834 Pri-

300 1874 362 1967 qui
385 1884 502 1939 vetera
526 1880 559 1935 et
579 1864 729 1934 recentia
753 1861 911 1954 exempla
932 1861 1115 1944 novimus,
1142 1861 1288 1950 plerun-
1338 1863 1395 1931 die
1413 1863 1576 1930 calendas
1591 1857 1761 1949 Augusti,
1789 1861 1900 1933 1546,

234 2000 238 2007 ’
303 1997 371 2066 qne
392 1969 605 2061 periculosas
625 1966 731 2034 fuisse
754 1957 969 2055 συμμαχίας
993 1962 1095 2030 etiam
1122 1961 1161 2028 in
1185 1957 1289 2028 bonis

302 2072 431 2144 caussis
447 2071 589 2139 scimus.
639 2064 756 2135 Multa
772 2064 880 2154 igitur
897 2059 986 2132 mihi
1005 2064 1043 2130 in
1060 2076 1213 2131 mentem
1230 2083 1290 2128 ve-

304 2177 429 2257 niunt,
468 2194 532 2240 cnr
565 2161 784 2258 συμμαχίαν
818 2164 954 2247 vitarit,
994 2160 1039 2234 οὐ
1073 2160 1173 2232 θέλει
1203 2161 1292 2238 ἴσως

305 2266 516 2370 δορυφόρος
530 2263 714 2341 εἶναιτῶν
731 2268 961 2362 στρατηγῶν,
989 2253 1128 2334 drawa
1142 2258 1292 2333 ὕποπτα
1342 2256 1409 2330 Νο.
1425 2256 1537 2330 3625.

305 2378 417 2450 οἴεται
435 2365 634 2468 φυλακτέα.
670 2364 717 2435 Et
730 2380 770 2435 ut
784 2368 984 2447 vincerent,
1007 2389 1053 2432 ne
1068 2360 1135 2433 hoc
1150 2364 1294 2455 quidem
1351 2353 1522 2382 Μ
1792 2445 1795 2449 ¹

306 2477 418 2559 volet,
449 2475 492 2541 ad
522 2465 652 2539 horum
684 2466 870 2536 arbitrium
894 2464 1062 2535 constitui
1086 2478 1216 2534 statum
1238 2461 1295 2529 vel
1731 2462 1769 2548 L
1798 2468 1941 2554 [onae.

308 2577 414 2648 Pnlil.
431 2575 486 2642 vel
511 2594 594 2640 suae
613 2567 773 2637 ditionis.
823 2570 978 2638 τοιαῦτα
998 2559 1040 2637 δὲ
1060 2560 1123 2636 καὶ
1148 2556 1295 2654 ἐνθύμη

311 2671 431 2770 θῆναί
452 2698 536 2745 τινα
558 2665 602 2742 oc’
628 2665 731 2741 δοκεῖ
755 2665 841 2738 οὔτε
863 2667 1020 2761 ἄκαιρον
1044 2664 1128 2737 οὔτε
1146 2660 1298 2756 ἐπίμεμ-

312 2802 418 2850 πτον.
467 2767 516 2867 ἣν
533 2767 577 2845 δὲ
595 2768 789 2865 βέλτιστον
807 2772 1002 2861 πανταχοῦ
1022 2771 1176 2863 φρονεῖν
1193 2760 1298 2846 atem
1680 2788 1738 2862 Iu
1747 2802 1789 2863 εχ
1799 2819 1820 2864 0
1846 2790 1932 2866 Ion
1942 2821 1966 2865 a
1975 2819 2002 2867 e·

311 2878 533 2974 σονρρονεῖν.
584 2871 702 2943 Erunt
723 2886 814 2941 certe
829 2871 889 2939 alii
905 2883 1050 2938 eventus
1064 2894 1168 2961 quam
1185 2864 1222 2936 hi
1240 2879 1301 2935 ant
1363 2933 1378 2959 ,
1540 2950 1548 2967 ¹
2211 2948 2213 2953 ⁴

310 2982 367 3051 illi
393 2990 519 3070 pntant
539 2988 645 3067 atque
667 2983 818 3062 sperant.
878 2969 969 3043 Nam
999 2971 1147 3038 omnino
1176 2970 1300 3058 ingens
1347 2935 1391 3025 ὃ·
1415 2948 1459 3021 D·
1510 2950 1549 3022 St
1573 2975 1630 3021 eas
1651 2955 1822 3045 pagellas,
1854 2980 1941 3048 quas
1963 2958 2139 3025 edidimus
2163 2959 2269 3027 latine
2291 2962 2334 3028 ‹le

313 3081 462 3152 mutatio
490 3100 608 3147 rerum
637 3074 834 3163 impendet:
868 3073 971 3162 plura
997 3072 1179 3163 aliquanto
1204 3093 1301 3138 nuuc
1349 3053 1480 3137 causis,
1511 3077 1576 3122 cur
1595 3056 1746 3145 amplexi
1768 3058 1876 3127 simus
1892 3081 2002 3147 genus
2016 3060 2214 3144 doctrinae,
2240 3065 2334 3153 qnod

316 3198 431 3257 tecum
452 3183 495 3250 de
517 3175 582 3248 hac
605 3200 642 3244 re
665 3176 812 3267 loquor,
838 3198 941 3265 quam
963 3197 1042 3241 eum
1065 3173 1140 3242 ullo
1157 3168 1301 3241 homine
1324 3222 1327 3233 ,
1349 3150 1567 3248 profitemur,
1593 3156 1708 3245 legisti
1724 3149 1779 3251 ¹¹⁴),
1806 3171 1840 3227 et
1856 3159 2016 3227 libellum
2033 3162 2171 3250 probas,
2198 3186 2271 3245 oro,
2296 3175 2335 3230 ut

315 3286 453 3353 locutus
468 3303 559 3355 gum,
597 3275 694 3346 Bene
709 3288 744 3344 et
759 3275 907 3344 feliciter
921 3274 1011 3359 vale,
1034 3271 1080 3346 V,
1096 3272 1171 3346 (231,
1185 3269 1277 3361 Aug.
1350 3269 1478 3336 vertas,
1498 3257 1557 3324 sed
1574 3257 1634 3342 ita,
1659 3272 1699 3328 ut
1715 3273 1748 3328 te
1765 3262 1963 3348 germanice
1979 3263 2247 3352 loquiaudiam,
2272 3286 2336 3330 nee

876 3370 1063 3466 Philippus
1078 3369 1252 3444 Melanch,
1351 3357 1591 3448 superstitiose
1614 3375 1768 3430 nostram
1794 3355 1939 3450 phrasin
1961 3375 1995 3431 et
2018 3363 2163 3430 maciem
2184 3364 2339 3453 effingas.

418 3483 608 3573 Postquam
629 3472 715 3546 hinc
731 3498 890 3545 reversus
905 3499 942 3543 es
956 3475 1131 3566 Lipsiam,
1157 3472 1302 3544 accersi·
1352 3457 1433 3547 Qua
1453 3459 1497 3526 de
1518 3483 1575 3540 re,
1607 3461 1778 3552 quidquid
1800 3474 1948 3544 statues,
1981 3462 2148 3548 significa·
2197 3461 2253 3531 De
2277 3465 2339 3533 iti-

318 3598 446 3657 veruut
461 3573 767 3677 Manrseldenser
790 3591 891 3647 tuum
911 3577 1116 3667 popularem
1139 3579 1182 3644 ad
1199 3570 1304 3643 scho-
1351 3584 1435 3628 nere
1460 3559 1673 3667 exercituum
1689 3574 1908 3674 nostrorum,
1934 3584 2023 3652 quae
2040 3556 2249 3647 babeamus,
2275 3588 2344 3634 au.

319 3691 374 3758 lae
389 3709 471 3757 suae
486 3680 793 3773 gubernationem,
816 3691 851 3746 et
866 3677 939 3767 ipse
953 3677 1106 3747 malebat
1120 3672 1305 3746 scholasti·
1352 3660 1456 3729 diesis
1471 3670 1671 3727 narrantem
1688 3654 1725 3728 T
1726 3652 1953 3777 roscdelmm·
1986 3656 2042 3728 Ad
2056 3686 2118 3730 vos
2132 3661 2235 3777 plura
2252 3668 2344 3734 seri-

320 3813 378 3860 cas
390 3810 515 3878 operas
527 3785 640 3852 facere
656 3781 694 3848 in
712 3774 776 3847 hac
792 3779 915 3849 aetatis
930 3778 1179 3862 imbecillitate,
1197 3801 1305 3870 quam
1352 3761 1414 3876 bi,
1434 3782 1540 3851 quam
1562 3759 1605 3876 {d
1626 3783 1712 3846 110⁵,
1737 3762 1901 3834 arbtlror.
1955 3759 2138 3852 imperties
2161 3778 2287 3882 igitur,
2311 3769 2343 3834 si

320 3915 403 3961 mox
426 3890 469 3958 ad
493 3886 582 3954 illud
605 3883 781 3970 fastigium
795 3876 1058 3949 Ecclesiasticae
1077 3879 1306 3968 gubernatio·
1354 3862 1438 3953 ‘Iffld
1466 3854 1614 3932 habens·
1671 3859 1862 3951 1⁰⁰8³m¹¹⁸
1884 3878 2001 3933 autem
2022 3877 2103 3932 ‘'013
2125 3882 2158 3933 θῑ
2180 3879 2344 3953 8²ffl¹¹¹¹⁸s

320 3993 378 4061 nis
399 3989 595 4060 ascendere.
643 3983 711 4053 Sed
735 4006 813 4050 cum
835 3981 966 4050 redibit
980 3979 1210 4065 Mansleldia,
1241 4003 1307 4048 au·
1353 3957 1505 4079 ulmus
1525 3974 1707 4079 θθῑθΐξῑῡδ,
1729 3962 1833 4032 paler
1848 3961 1995 4032 Domini
2015 3965 2126 4033 nostri
2142 3963 2220 4082 lesu
2235 3962 2343 4035 Cbri-

321 4095 416 4164 Λίδη.
435 4091 522 4184 quid
538 4089 582 4155 de
598 4109 639 4154 ρο
658 4086 837 4153 decretum
852 4083 908 4156 sig,
1355 4077 1419 4146 str,
1443 4075 1541 4150 regat
1563 4076 1598 4132 et
1619 4078 1717 4133 luvet
1739 4079 1878 4134 nostros
1898 4063 2014 4135 Duces
2036 4079 2070 4134 et
2093 4081 2280 4147 exercitus,
2307 4082 2343 4138 et

1356 4163 1522 4234 defendat
1539 4177 1676 4234 nostras
1693 4162 1865 4236 Ecclesiae
1882 4180 1917 4237 et
1932 4161 2133 4259 hospitiola.
2175 4166 2253 4236 Hoc
2265 4192 2345 4255 eer-

1130 4289 1307 4301 -···-
1357 4280 1432 4335 tum
1450 4277 1513 4347 est,
1538 4289 1659 4335 recens
1674 4268 1784 4336 multa
1802 4268 1914 4336 millia
1934 4261 2121 4337 hominum
2140 4293 2180 4336 ex
2195 4268 2305 4338 Stiria
2322 4295 2345 4339 a

1359 4365 1488 4435 Turris
1511 4367 1660 4436 abducta
1688 4390 1772 4436 esse.
1835 4366 1973 4438 Interea
1993 4364 2170 4438 Austriaci
2194 4366 2346 4440 Atridae

323 4427 515 4550 Q·
1143 4422 1310 4561 Q
1359 4467 1463 4538 nobis
1481 4466 1613 4536 bellum
1631 4468 1801 4540 inferunt.
1852 4466 1950 4537 Bene
1965 4471 2053 4538 vale.

627 4602 680 4688 G,
707 4602 1015 4686 Buchholzem,
1856 4565 2046 4662 Philippus
2069 4566 2295 4643 Melanthon.

1446 2614 1534 2685 Epist.
1553 2615 1600 2671 lib.
1614 2616 1650 2671 V.
1666 2637 1695 2690 p.
1710 2620 1752 2675 52.

423 4766 520 4824 Manlii
538 4768 638 4839 serug·
656 4786 683 4837 P·
696 4767 748 4820 256
761 4785 801 4838 *Ψ
1395 4781 1427 4852 *)
1450 4782 1497 4835 Eat
1515 4781 1645 4863 scriptum
1667 4780 1828 4854 Principum
1851 4784 2091 4852 Evangelicornm:
2121 4785 2243 4849 „Causae
2264 4802 2347 4857 qnare

1428 4851 1564 4921 amplexae
1578 4860 1633 4903 nm
1646 4859 1672 4903 et
1683 4853 1853 4907 retinendam
1867 4854 1968 4908 ducant
1980 4854 2132 4908 doctrinam
2142 4867 2204 4926 eto,
2217 4859 2290 4924 quod
2299 4855 2348 4907 lta·

326 4925 475 5023 Georg
486 4926 530 4996 io
545 4920 585 4996 B
594 4918 878 4994 uchholacro
895 4912 1312 5017 (praepositoBcroIin.)
1430 4923 1478 4974 bes
1496 4920 1524 5000 {¹¹
1544 4920 1608 5000 edet.
1628 4920 1702 4990 θον·
1719 4921 1753 5002 Τ·
1771 4923 1818 4975 ¹V·
1835 4941 1863 4992 r·
1875 4922 1953 5003 ,⁷722
1978 4924 2105 5004 t¹¹0duge
2119 4942 2135 4975 ²
2150 4923 2217 4977 etat.
2232 4923 2351 4975 “emh-

1429 4997 1488 5040 tum
1502 5007 1529 5040 tn
1545 4988 1663 5059 linguam
1680 4990 1789 5043 latinam
1803 4990 1902 5061 prodnt
1917 5010 2008 5043 mense
2025 4994 2102 5043 lumo
2118 4991 2192 5044 15t6.
2230 4991 2352 5044 llabetur

324 5062 441 5151 8⁰1)⁸
491 5078 572 5150 scio
594 5078 632 5147 in
655 5070 723 5146 1100
741 5086 841 5147 tamo
861 5070 1017 5141 tumultu
1032 5067 1311 5138 diversaiudjcia
1430 5059 1510 5108 etiam
1532 5057 1622 5138 lingua
1643 5058 1789 5112 vernacula
1810 5058 1950 5129 scriptum.
1991 5060 2125 5113 Dabimus
2145 5059 2254 5111 illudio
2270 5058 2352 5112 libris

325 5168 397 5252 esse
417 5185 459 5250 de
475 5182 559 5250 belli
578 5179 699 5264 causis,
725 5191 759 5247 et
774 5195 852 5266 spes
866 5170 1105 5241 dissimilimas
1120 5170 1311 5239 multorum
1382 5150 1389 5161 ⁹
1431 5124 1624 5178 M‘¹⁸¹²¹h⁰¹¹'⁸'

324 5350 529 5363 *un—uun·-

360 5438 390 5505 *)
410 5437 488 5490 Duce
507 5433 642 5493 Manilio.
662 5431 692 5485 C.
704 5431 737 5482 Κ.
