4748 6022
287 329 371 427 'ter

295 512 539 592 Tridentinae
576 513 699 584 eadem
733 503 817 608 napi
850 501 1104 602 δικαιοσύνης,
1145 508 1184 577 in
1213 529 1281 600 qua

295 623 384 693 boni
406 641 528 688 omnes
549 617 740 701 videbunt,
764 629 884 684 utrum
900 613 960 682 illa
977 612 1142 706 Synodus
1156 610 1285 678 verita·

295 737 368 793 tem
383 732 546 814 quaerat,
567 742 613 788 an
631 741 715 789 non.
750 714 1057 807 lmpudentissime
1071 714 1286 782 damnarunt

296 822 489 897 sententias
517 822 666 888 maxime
693 818 905 887 necessarias
929 814 1106 884 Ecclesiae
1130 811 1216 896 Dei,
1247 834 1286 879 ac

298 927 428 996 diserte
449 922 684 1012 scripserunt,
717 913 894 1012 ἀνάθεμα
917 939 1009 1001 esse,
1042 917 1105 1009 qui
1131 925 1288 985 statuunt

298 1049 337 1099 se
353 1025 478 1095 esseio
493 1024 604 1113 gratia
620 1021 698 1093 Dei.

376 1153 405 1228 I
405 1148 594 1226 caedimus
611 1146 850 1224 Camerarius
869 1140 1038 1223 familiam
1060 1172 1159 1220 suam
1175 1162 1291 1220 trans·

301 1260 396 1332 vexit
417 1260 457 1327 in
477 1260 603 1329 urbem
617 1253 835 1340 Erlordiam,
861 1267 895 1324 et
917 1253 968 1321 ibi
984 1266 1142 1321 veterum
1161 1251 1289 1320 amico-

299 1388 382 1434 rum
398 1358 652 1431 consuetudine
667 1358 735 1427 sibi
751 1355 961 1425 moestitiam
977 1353 1076 1426 lenit.
1114 1344 1292 1421 Marchio

302 1460 476 1532 Alberlus
509 1485 629 1530 recens
662 1461 706 1528 ab
731 1455 843 1530 Elect.
869 1454 1042 1526 Saxonico
1077 1467 1198 1544 captus
1229 1467 1291 1532 est,

300 1566 396 1660 quod
422 1562 597 1634 audivisse
620 1575 654 1630 te
673 1559 812 1651 opinor.
861 1554 958 1651 Bene
980 1555 1075 1635 vale,
1102 1569 1135 1624 et
1150 1554 1291 1624 scribito

302 1667 441 1757 saepius
455 1667 501 1734 ad
517 1687 593 1732 nos.
642 1661 781 1730 Literae
801 1659 896 1727 enim
914 1681 977 1750 per
994 1649 1193 1749 Georgium
1211 1648 1293 1724 Fu-

301 1765 407 1863 gium
440 1765 533 1834 mitti
561 1775 718 1855 possunt.
783 1759 916 1830 lterum
946 1759 1036 1829 vale.
1095 1759 1131 1833 8.
1156 1755 1292 1830 Martii.

303 1867 350 1941 D.
364 1860 566 1937 Fabricius
582 1864 645 1935 tibi
662 1864 810 1933 salutem
826 1874 934 1953 optat.

1167 2186 1297 2313 &Illam

1088 2334 1091 2343 ’
1160 2339 1293 2366 Μ

609 2437 661 2525 G.
691 2434 998 2520 Bucicltolzero.

392 2612 492 2670 Manlii
509 2610 607 2681 brug.
623 2627 650 2680 p.
669 2603 718 2661 tot
737 2624 780 2678 sq.

317 2254 384 2327 No.
411 2250 523 2323 3772.

309 2349 522 2385 m

513 2773 718 2870 Georgia
752 2766 1091 2885 Buchltolsero.

239 3006 244 3017 Ι
305 2912 351 3002 S.
375 2928 419 3000 D.
469 2925 678 2998 Revereode
692 2903 835 2994 domine
852 2915 999 3015 Georgi.
1042 2918 1180 3010 Nuper,
1206 2942 1296 3011 quae

306 3027 485 3103 Brentius
507 3027 612 3097 nobis
638 3026 794 3116 scripsit,
825 3024 893 3094 tibi
918 3022 1122 3112 significavi.
1172 3018 1297 3090 Postea

306 3133 485 3216 intellexi,
510 3132 689 3199 decretum
705 3127 854 3218 impium
871 3125 909 3194 in
924 3123 1069 3217 Synodo
1086 3120 1297 3193 Tridentino

303 3238 352 3306 'de
368 3231 613 3304 iustificatione
628 3230 762 3298 editum
777 3250 862 3327 esse.
888 3224 1042 3297 Articuli
1059 3223 1194 3332 pliquot
1208 3219 1298 3291 mihi

307 3335 409 3405 missi
428 3347 532 3415 sunt,
561 3334 621 3400 sed
643 3343 784 3421 expecto
803 3330 998 3418 integrum,
1023 3326 1119 3418 quod
1138 3324 1203 3392 tibi
1218 3325 1298 3392 mit-

309 3452 397 3507 tam:
430 3446 471 3502 ut
492 3431 654 3522 spiritum
672 3430 808 3523 Synodi
829 3430 982 3520 probent
1004 3420 1061 3507 hi,
1085 3424 1148 3518 qui
1168 3424 1300 3494 verita-

308 3552 381 3607 tem
404 3544 589 3627 quaerunt.
638 3529 741 3601 Unus
754 3531 923 3600 articulus
938 3542 1005 3598 est:
1032 3521 1229 3596 Anathema
1244 3527 1299 3605 sit,

310 3637 376 3732 qui
390 3635 511 3706 statuit
524 3655 560 3701 se
574 3653 646 3702 esse
661 3631 698 3699 in
716 3632 837 3718 gratia.
889 3628 958 3699 llic
972 3627 1140 3698 articulus
1157 3640 1208 3697 est
1220 3653 1300 3719 spe-

224 3792 227 3797 ·
311 3739 424 3810 cimcn
448 3733 637 3825 impietatis
652 3733 796 3801 illorum
813 3729 1066 3822 sophistarum,
1091 3728 1153 3822 qui
1172 3731 1300 3818 guber-

283 3910 289 3925 ,
310 3853 401 3911 nant
417 3837 613 3932 Synodum.
664 3833 776 3905 Nobis
797 3857 922 3924 magna
938 3831 1130 3902 consolatio
1151 3844 1220 3916 est,
1245 3830 1301 3901 vi-

311 3944 475 4012 decenos
490 3939 529 4007 in
543 3961 626 4006 vcra
640 3932 797 4006 Ecclesia
813 3959 901 4021 esse,
927 3933 1063 4005 etiamsi
1080 3933 1223 4001 saevitia
1238 3933 1301 4001 ad-

310 4041 548 4133 versariorum
568 4039 750 4107 subeunda
776 4051 845 4121 est,
872 4060 952 4107 cum
966 4035 1157 4105 adversarii
1171 4033 1314 4117 talibus,

310 4143 461 4216 decretis
493 4142 684 4211 ostendunt
710 4161 746 4208 se
778 4163 850 4207 esse
882 4133 998 4208 hostes
1023 4133 1199 4206 Ecclesiae
1224 4132 1302 4206 Dei.

311 4243 484 4318 Editurus
500 4267 577 4313 sum
592 4239 857 4324 refutationem,
882 4239 956 4310 Deo
974 4240 1126 4309 iuvante.

416 4374 548 4466 Scripsi
569 4372 662 4441 filio:
696 4384 732 4440 et
748 4371 924 4441 mitterem
940 4372 1014 4464 ipse
1029 4370 1246 4462 Homerum,
1259 4353 1302 4438 'si

288 4491 292 4499 '
315 4479 354 4546 in
376 4478 508 4568 oppido
530 4489 652 4545 nostro
666 4485 795 4544 essem:
819 4496 860 4541 ac
875 4473 1010 4542 mittam
1025 4496 1130 4565 quam
1145 4472 1301 4561 primum

202 4635 208 4647 .
314 4578 453 4647 rediero
473 4580 630 4648 domum.
679 4573 751 4645 Pro
770 4574 883 4665 pomis
898 4596 962 4662 ago
978 4574 1043 4642 tibi
1057 4573 1199 4663 gratias.
1249 4570 1302 4643 De

233 4739 241 4747 .
314 4675 531 4760 maledictis,
557 4676 752 4771 dequibus
775 4675 959 4767 scripsisti,
983 4698 1097 4765 nuper
1110 4673 1176 4743 tibi
1193 4673 1302 4763 signi·

315 4779 417 4849 beavi
437 4800 493 4844 me
514 4776 608 4845 nolle
625 4779 716 4846 rixas
731 4778 889 4867 publicas
904 4787 1048 4867 augere.
1090 4772 1303 4847 Clarissimis

314 4881 401 4950 viris
424 4875 570 4948 domino
594 4868 852 4965 Cancellario,
883 4892 920 4949 et
941 4877 1088 4949 domino
1112 4869 1304 4970 Gregorio,

315 4994 351 5051 et
371 4981 523 5068 collegae
545 4991 606 5048 tuo
627 4980 775 5048 salutem
792 4994 893 5071 opto:
920 5003 1045 5073 meque
1061 4979 1110 5048 eis
1124 5001 1304 5048 commen·

315 5085 410 5154 dato.
460 5079 556 5151 Bene
571 5082 664 5164 vale,
690 5079 726 5155 8.
739 5078 874 5154 Martii.

828 5177 1016 5276 Philippus
1031 5175 1255 5254 Melanthon.

893 329 1335 413 EPISTOLARUM
1386 331 1494 410 LIB.
1515 329 1562 412 X.
1614 328 1751 411 1647.

2256 334 2339 406 428

2198 506 2337 578 §.Marc

2199 603 2340 639 “m

1351 503 1420 580 No.
1441 505 1554 580 5773.

1345 602 1556 648 Μ

1550 694 1750 786 Maiori?
1780 718 1845 781 an
1869 694 2133 806 crucigero?

1408 869 1485 924 Edita
1507 891 1536 924 er
1559 871 1715 942 apographo
1739 871 1766 924 in
1786 868 1881 924 codice
1904 865 2021 938 Guelpb.
2041 868 2070 920 in
2088 868 2144 921 4t0.
2170 867 2339 926 N0.to.1t.

1443 941 1657 994 allallenstadtio
1671 959 1731 1010 epp.
1744 940 1810 992 Mel.
1826 939 1880 991 tt.
1897 968 1933 977 -
1952 938 2115 1007 Apograpba
2130 940 2157 990 in
2170 941 2233 996 cod.
2250 938 2336 993 Goth.

1444 1008 1505 1130 113ίο.
1512 1007 1731 1148 vphislssquod.
1745 1006 1830 1064 Goth.
1845 1005 1903 1061 191.
1921 1023 1948 1076 p.
1959 1005 2028 1059 tob.
2049 1016 2074 1059 et
2091 1007 2154 1062 cod.
2167 1007 2282 1065 Monac.
2292 1008 2337 1062 90.

1345 1238 1542 1337 Georgia
1566 1236 1811 1335 Maiori¹).
1857 1230 2011 1338 (Casp.
2038 1234 2337 1343 CrucigeroP)

1344 1389 1499 1480 Gratius
1523 1431 1587 1498 ago
1600 1408 1675 1478 Deo
1701 1420 1843 1477 aeterno
1863 1407 1954 1498 patri
1973 1408 2108 1478 domini
2125 1411 2238 1480 nostri
2256 1409 2340 1482 lesu

1344 1509 1496 1596 Christi,
1526 1510 1703 1580 conditori
1726 1506 1903 1578 Ecclesiae
1933 1531 2032 1592 suae,
2061 1533 2237 1580 unacum
2261 1513 2339 1582 filio

1344 1639 1408 1684 suo
1433 1626 1638 1696 coaeterno,
1663 1610 1807 1680 domino
1824 1625 1945 1680 nostro
1963 1607 1991 1680 l.
2005 1607 2064 1695 C.,
2089 1611 2252 1683 crucifixo
2269 1637 2339 1705 pro

1345 1716 1449 1785 nobis
1465 1727 1499 1784 et
1513 1713 1737 1793 resuscitato,
1764 1725 1798 1780 et
1812 1710 1962 1802 Spiritui
1982 1724 2114 1798 sancto,
2138 1715 2234 1808 quod
2247 1708 2338 1784 hac-

1346 1831 1447 1887 tenus
1475 1827 1528 1886 tot
1555 1836 1667 1883 annos
1687 1813 1851 1903 repressit
1873 1812 2008 1881 diaboli
2029 1814 2167 1884 furores
2187 1816 2341 1885 incitan-

1346 1913 1436 2011 tis²)
1461 1938 1556 2005 reges
1579 1928 1614 1984 et
1631 1914 1807 2005 principes
1831 1926 1954 1983 contra
1974 1909 2167 1996 Ecclesias,
2195 1917 2234 1985 in
2257 1917 2337 2009 qui-

1347 2023 1413 2091 bus
1429 2015 1457 2113 ³)
1480 2041 1547 2085 vox
1561 2012 1747 2105 Evangelii
1768 2029 1887 2100 sonat,
1912 2016 2076 2107 quodque
2091 2018 2244 2108 protexit
2260 2015 2342 2087 Du·

1348 2143 1423 2191 cem
1447 2117 1620 2187 Saxoniae
1641 2113 1860 2199 Electorem,
1891 2110 2071 2184 Ioannem
2095 2111 2342 2202 Fridericum,

1348 2236 1382 2292 et
1403 2244 1499 2290 nunc
1523 2219 1644 2288 docuit
1664 2240 1791 2287 manus
1816 2217 1892 2286 eius
1912 2219 1957 2288 ad
1980 2219 2173 2309 proelium,
2205 2234 2239 2290 et
2259 2220 2342 2289 utili

1347 2321 1495 2392 victoria
1510 2317 1540 2416 ⁴)
1567 2344 1648 2391 eum
1670 2318 1821 2391 ornavit.
1890 2315 2006 2388 Credo
2028 2322 2148 2410 magni
2170 2320 2343 2405 momenti

1347 2447 1422 2494 rem
1438 2445 1520 2493 esse.
1572 2419 1758 2511 Quispiam
1774 2442 1890 2509 nuper
1904 2416 1993 2488 mihi
2007 2422 2164 2514 scripsit,
2189 2423 2226 2490 in
2243 2446 2356 2492 exer--

1348 2526 1418 2596 citu
1442 2521 1661 2613 Cappadocis
1679 2520 1892 2591 Lateranum
1908 2518 1934 2618 ⁸)
1956 2518 2090 2591 Ducem
2112 2524 2260 2606 dixisse,
2287 2523 2343 2592 el-

1347 2627 1502 2696 lossuros
1524 2648 1560 2693 se
1576 2615 1739 2691 Lethen·
1761 2646 1887 2713 corpus
1909 2637 1943 2694 et
1963 2624 2160 2692 obieccnros
2179 2626 2346 2708 canibus,

1348 2751 1388 2797 ac
1402 2726 1613 2795 nominatim
1629 2724 1757 2793 dixisse
1775 2725 1818 2793 de
1833 2725 2050 2795 trucidandis
2070 2726 2192 2808 nobis,
2219 2723 2346 2794 Reve-

1348 2831 1460 2898 rendo
1476 2825 1524 2896 D.
1537 2826 1696 2910 Pastore,
1722 2838 1756 2896 te
1779 2838 1814 2895 et
1831 2849 1897 2895 me.
1948 2825 2029 2895 Non
2045 2827 2190 2907 dubito,
2215 2827 2344 2896 diabo-

1349 2931 1423 2999 lum
1442 2926 1605 2997 insidiari
1621 2939 1762 2996 nostrae
1776 2926 1883 3011 vitae,
1899 2928 1958 2995 sed
1977 2928 2147 2998 custodiet
2163 2950 2227 2996 nos
2244 2925 2343 2997 Deus

1350 3043 1513 3121 aeternus
1536 3041 1635 3119 pater
1648 3011 1797 3098 Douiini
1821 3029 1934 3100 nostri
1956 3026 1982 3102 l.
2001 3026 2060 3113 C.,
2090 3030 2151 3122 qui
2174 3042 2226 3099 est
2244 3028 2344 3098 testis

1350 3131 1544 3201 voluntatis
1565 3144 1705 3202 nostrae
1728 3151 1809 3219 erga
1830 3124 2042 3215 Ecclesiam,
2066 3155 2170 3223 quem
2192 3154 2277 3213 oro,
2302 3143 2343 3201 ut

1350 3230 1552 3303 Electorem
1568 3244 1602 3301 et
1616 3230 1808 3302 ex‘ercitum
1824 3229 1899 3301 eius
1914 3232 2105 3322 gubernet,
2130 3224 2295 3300 delend‘at
2309 3244 2343 3301 et

1351 3334 1506 3407 adiuvet.
1538 3326 1597 3402 Ad
1614 3345 1801 3424 utramque
1818 3332 2001 3422 epistolam
2018 3327 2047 3424 ⁶)
2064 3333 2181 3402 iudico
2197 3355 2343 3422 respon-

1352 3435 1509 3505 dendum
1526 3457 1598 3504 esse
1614 3428 1787 3514 Electori,
1813 3446 1848 3501 et
1861 3432 1916 3500 vel
1931 3455 2007 3500 cras
2022 3433 2169 3509 mittam,
2197 3433 2255 3501 vel
2273 3432 2344 3522 ipse

1352 3536 1505 3610 veniam.
1539 3532 1630 3605 Nam
1646 3528 1715 3602 hoc
1729 3532 1839 3601 biduo
1856 3543 1890 3601 et
1905 3531 2064 3619 coniugis
2084 3545 2118 3601 et
2130 3531 2267 3600 filiolae
2283 3533 2343 3602 ad·

1352 3660 1452 3706 versa
1467 3636 1669 3704 valetudine
1683 3644 1839 3701 retentus
1854 3654 1942 3704 sum.
1983 3622 2185 3725 Cusporem
2203 3627 2236 3726 ⁷)
2256 3634 2345 3703 filio-

1352 3738 1427 3807 lum
1443 3735 1591 3805 feliciter
1603 3732 1843 3808 convalescere
1859 3753 1975 3821 spero,
2000 3732 2259 3826 ingeniumque
2272 3735 2345 3805 eius

1351 3860 1478 3927 magno
1500 3835 1581 3905 usui
1600 3835 1675 3903 fore
1699 3831 1924 3922 reipublicae.
1975 3830 2023 3904 Et
2044 3835 2199 3925 prolecto
2220 3849 2346 3926 optan-

1352 3940 1439 4010 dum
1461 3949 1530 4019 est,
1563 3949 1603 4006 ut
1618 3932 1714 4004 Deus
1731 3935 1849 4026 aliqua
1866 3920 1960 4004 bonel
1977 3936 2118 4024 ingenia
2135 3937 2179 4004 ad
2196 3936 2346 4026 posteri-

1352 4052 1462 4110 tatem
1477 4050 1604 4110 servet.
1647 4033 1745 4105 Bene
1762 4036 1851 4109 vale.
1882 4035 1950 4105 Die
1965 4036 2000 4112 9.
2018 4034 2150 4109 Martii.
2185 4034 2346 4108 Salutem

1353 4154 1437 4232 opto
1462 4140 1615 4229 collegae
1638 4135 1686 4212 R.
1707 4150 1740 4208 et
1760 4135 1958 4210 carissimis.
2024 4137 2111 4208 Tibi
2132 4138 2262 4228 gratias
2282 4160 2345 4228 ago

1354 4243 1459 4314 toties
1476 4240 1656 4313 scribenti.

1356 4413 1565 4433 Μ

1390 4518 1418 4587 1)
1437 4513 1507 4571 cod.
1519 4508 1601 4566 Goth.
1617 4507 1676 4565 190.
1695 4507 1823 4575 casparo
1835 4506 2002 4580 Bruca'gero,
2019 4507 2131 4562 fortasse
2141 4507 2258 4564 rectius.

1389 4622 1418 4690 2)
1436 4616 1506 4675 Ball.
1521 4614 1672 4669 circinatis.

1389 4717 1421 4784 0)
1440 4712 1507 4770 cot.
1525 4710 1607 4767 Goth.
1621 4710 1680 4765 190.
1693 4718 1719 4764 et
1734 4708 1793 4763 191.
1812 4691 1967 4762 Ecclesiam
1981 4710 2011 4759 in
2025 4725 2089 4774 quo.

1388 4817 1417 4885 4)
1436 4815 1479 4871 Ad
1493 4813 1623 4886 oppidum
1637 4810 1779 4881 llocblitc,
1805 4809 1859 4866 vid.
1871 4827 1913 4880 ep.
1931 4807 2064 4863 Electoris
2079 4806 2106 4862 d.
2120 4806 2147 4861 d.
2161 4806 2187 4864 4.
2201 4808 2287 4864 Mart.

1390 4917 1419 4986 5)
1441 4915 1509 4972 Cod.
1523 4911 1606 4968 (ioth.
1623 4911 1680 4965 191.
1698 4916 1726 4964 et
1744 4906 1805 4965 cod.
1822 4904 1902 4960 lllon.
1917 4903 1960 4957 90.
1979 4904 2185 4959 bathemam.
2222 4906 2352 4963 Ballene.

1424 4985 1509 5041 edidit
1520 5002 1552 5037 ex
1565 4983 1628 5036 cod.
1642 4977 1777 5050 Guelph:
1794 4974 1903 5028 Ducem
1915 4973 1952 5026 N.
2072 4994 2075 4999 ⁹

1391 5086 1422 5153 6)
1440 5081 1587 5154 Epistulam
1598 5076 1729 5133 Electoris
1743 5073 1769 5127 d.
1779 5071 1804 5126 d.
1819 5069 1936 5127 &Mart
1949 5081 1976 5127 et
1988 5070 2049 5128 td.
2063 5071 2356 5134 amastrianam.

1392 5185 1423 5252 7)
1443 5184 1597 5251 Coeperam
1610 5188 1713 5248 atquae
1724 5179 1875 5243 sequuntur
1888 5186 1946 5222 non
1957 5168 2057 5224 babeat
2065 5169 2143 5234 Ball..
2156 5170 2221 5233 coel.
2229 5170 2355 5246 Gnopo

1428 5251 1497 5308 coa.
1511 5249 1591 5305 Mon.
1603 5246 1647 5302 90.
1660 5242 1760 5301 otenel.
1775 5237 1861 5296 Goth.
1876 5236 1936 5293 191.
