4748 6022
139 370 145 381 ,
199 281 276 356 coa
780 249 1223 347 nrrsronarsun'
1271 247 1381 347 nra.
1412 268 1459 341 x.
1514 265 1649 341 1547.
2144 259 2245 359 ,404

200 449 270 546 μία
286 446 427 543 ἡνιοχεῖ
438 440 810 544 μάργοισίχαλινοῖς,
831 458 872 515 ut
889 460 989 514 vetus
1006 436 1104 511 Lini
1117 464 1197 511 ver·
1245 435 1334 509 mihi
1351 439 1429 508 istic
1450 439 1630 509 maledicit
1651 451 1771 508 noster
1786 451 1886 506 vetus
1902 436 2034 504 amicus
2051 427 2102 527 ⁸),
2140 434 2205 525 qui
2230 457 2252 502 a

202 577 262 627 sus
282 553 410 644 inquit.
470 547 596 619 Vestro
621 562 739 618 autern
761 543 854 617 Duci
877 563 1022 638 propter
1048 557 1195 613 aetatem
1245 567 1301 611 me
1319 565 1420 632 saepe
1439 542 1676 611 mediocribus
1699 541 1826 610 officiis
1842 551 1990 608 ornatus
2012 549 2081 619 est,
2108 535 2252 621 faciam,

204 651 563 747 ignoscendumfuit.
621 648 741 719 Nostri
770 674 867 719 nunc
892 674 963 743 quo
985 644 1199 738 rapiuntur?
1247 647 1344 736 quod
1369 643 1418 712 ait
1435 638 1462 736 9)
1486 644 1580 713 lilius
1601 642 1683 713 Dei:
1717 641 1917 712 benedicite
1939 637 2253 724 maledicentibus,

141 748 145 754 ⁵
205 773 245 828 ut
258 758 383 826 iratres
397 745 575 821 Thebani
583 751 673 843 &lla
688 753 732 820 ad
751 748 877 820 Albim
892 752 987 820 inter
1001 773 1037 818 se
1060 747 1200 837 cognati
1246 770 1290 814 ne
1307 747 1388 837 plus
1407 745 1460 814 sit·
1477 745 1701 835 publicarum
1725 743 2010 823 dissensionum,
2043 739 2074 807 si
2098 745 2181 808 cum
2209 764 2252 809 eo

205 859 394 939 dimicant,
419 879 483 923 nec
498 849 665 923 humanis
680 853 1105 944 consiliisreprimifuror
1121 861 1201 941 pot·
1247 848 1453 916 dimicarem
1476 848 1587 939 stylo,
1637 847 1734 939 quod
1764 841 1854 913 mihi
1884 868 1959 912 non
1979 841 2126 910 difficile
2151 858 2252 914 esset.

206 974 267 1031 est.
319 953 397 1027 Oro
422 970 539 1025 autem
560 954 674 1025 Deum
698 968 880 1024 aeternum
897 953 1039 1024 Patrem
1053 949 1203 1021 Domini
1247 947 1315 1019 Sed
1335 947 1411 1018 Deo
1430 963 1463 1018 et
1480 945 1658 1017 Ecclesiae
1675 947 1847 1017 iudicium
1863 949 1907 1014 de
1920 958 2076 1037 utroque
2098 945 2250 1034 permit·

206 1060 320 1129 nostri
339 1057 417 1128 lesu
432 1053 588 1137 Christi,
615 1057 710 1146 pacis
727 1071 905 1141 autorem,
932 1070 972 1126 ut
989 1055 1114 1124 reddat
1131 1049 1204 1121 Ec·
1248 1065 1296 1124 to.
1344 1048 1451 1137 Quod
1469 1051 1667 1119 enarraturi
1684 1051 1765 1118 estis
1779 1045 2022 1129 Matthaeum‚
2049 1046 2157 1115 laudo
2173 1059 2252 1117 stu-

207 1161 352 1243 clesiae,
385 1174 420 1228 et
443 1158 577 1249 politiis
594 1156 817 1228 Germanicis
836 1159 930 1246 piam
955 1170 989 1226 et
1011 1156 1200 1223 salutarem
1249 1153 1348 1221 dium
1367 1165 1401 1222 et
1419 1153 1627 1234 consilium,
1661 1166 1693 1221 et
1713 1152 1868 1220 libenter
1885 1149 2142 1241 praelationem
2157 1149 2251 1217 deli-

207 1286 339 1355 pacem.
399 1253 590 1328 Iohannes
616 1254 802 1343 Netinos,
838 1239 970 1328 sororis
991 1271 1072 1327 tuae
1090 1255 1202 1352 lilius,
1249 1257 1363 1323 neabo
1381 1255 1433 1346 1“’).
1484 1252 1583 1322 Bene
1599 1254 1710 1322 valete
1725 1249 1774 1348 ²¹).
1825 1249 1894 1321 Die
1911 1249 2022 1318 natali
2036 1247 2156 1319 Caroli
2175 1247 2250 1320 lm·

208 1362 277 1434 Dei
291 1363 482 1445 beneficio,
497 1373 608 1431 'recte
625 1362 734 1443 valet,
766 1384 805 1428 ac
828 1360 965 1430 viribus
986 1358 1204 1426 firmioribus
1250 1357 1438 1446 occatoris,
1470 1356 1534 1451 qui
1551 1350 1592 1449 ¹²)
1616 1371 1666 1425 est
1684 1352 1723 1447 ¹³)
1744 1358 1819 1423 dies
1841 1347 2017 1423 Matthiae
2039 1374 2100 1422 seu
2117 1346 2160 1445 ¹⁴)
2185 1349 2251 1423 24.

208 1476 516 1556 nunc'est,.quam
533 1476 654 1545 antea,
675 1487 745 1553 quo
763 1462 876 1530 adfuit
893 1465 936 1531 ad
954 1456 1090 1531 Albim.
1122 1457 1205 1526 Me·
1252 1457 1457 1542 Februarii,
1485 1454 1594 1528 Anno
1616 1455 1728 1532 1547.

210 1589 291 1634 cum
315 1565 353 1632 in
376 1568 464 1634 urbe
486 1562 812 1656 tranquillamque
836 1564 881 1632 ad
905 1557 1038 1633 Pascha
1059 1582 1202 1628 manere
1764 1568 1955 1664 Philippus
1972 1566 2195 1641 Melanthom

209 1667 374 1737 decrevit.
426 1665 479 1734 Te
503 1691 566 1735 oro
589 1679 628 1734 ut
644 1666 673 1732 si
689 1665 822 1755 poteris
837 1667 976 1735 mittere
998 1665 1134 1742 literas,
1160 1662 1202 1729 ad

182 1791 276 1837 ·nos
299 1768 442 1838 scribas.
494 1764 591 1834 Bene
613 1767 700 1837 vale.
753 1763 821 1833 Die
846 1767 956 1837 natali
975 1758 1111 1834 Caroli
1133 1761 1205 1831 lm·
1256 1823 1263 1830 .

211 1870 392 1961 peratoris.
421 1866 471 1965 [d.
489 1867 549 1937 24.
569 1861 689 1960 Febu]

1065 2032 1070 2045 .
1193 2036 1204 2053 .
1251 1978 1317 2050 Nu.
1341 1975 1451 2051 8750.
2088 1987 2144 2050 25.
2160 1981 2247 2047 Febr.

1260 2076 1471 2109 Μ
2098 2072 2229 2099 Μ

1041 2203 1102 2271 24.
1120 2202 1207 2263 Febr.
1441 2174 1651 2284 crucige
1674 2170 1736 2254 od
1751 2168 2058 2254 Academicos.
2169 2258 2178 2268 ,

1028 2291 1200 2321 w

505 2361 579 2450 Ge,
591 2363 901 2447 Rucggolmo·
1319 2334 1427 2407 Serapa
1440 2335 1515 2407 pust.
1529 2334 1616 2391 Aac.
1630 2333 1745 2390 noret.
1764 2332 1797 2388 r.
1810 2333 1833 2387 t.
1851 2352 1877 2405 ρ.
1895 2333 1955 2387 ros.

280 2523 379 2580 Manlii
393 2526 490 2595 farrag.
509 2544 535 2596 p.
550 2524 610 2579 898.
647 2525 760 2579 Contuli
775 2519 875 2598 epog'ra
896 2526 928 2579 ha
942 2524 971 2576 in
984 2521 1047 2580 cod.
1056 2521 1139 2578 Goth.
1148 2525 1207 2580 190.
1251 2501 1387 2578 Recio!
1416 2504 1637 2580 Academiae
1670 2503 1967 2600 Wlebergmsis
2003 2486 2247 2603 Caspcirus

314 2595 425 2732 pi&
439 2594 500 2648 cod.
516 2593 601 2650 Goth.
616 2596 675 2649 191.
694 2593 772 2665 pao.
790 2593 1067 2650 cinnameo.
1083 2592 1206 2648 tto.vtt.
1455 2641 1463 2649 .
1533 2603 1776 2703 cruciger’
1810 2604 1964 2679 Dodor·
2050 2624 2054 2628 2

216 2816 440 2893 Venerando
457 2818 570 2904 Vim,
596 2819 653 2892 D·
681 2816 718 2892 G
727 2773 886 2917 eor'gio
909 2815 1156 2892 Buchholz
1165 2844 1207 2891 e·
1251 2760 1345 2894 lhlon
1369 2774 1625 2862 existimemus,
1656 2776 1776 2845 irritas
1799 2797 1873 2843 esse
1900 2745 2020 2866 preces
2041 2786 2077 2844 et
2093 2776 2244 2865 gemitus

214 2945 278 3010 ro,
311 2917 561 3021 †Praeposito
582 2933 614 2993 cl
630 2918 785 2994 Pastori
793 2917 909 3018 fideli
923 2920 1114 2994 Ecclesiae
1129 2922 1209 2994 Dei
1251 2900 1394 3046 gmm
1417 2877 1456 2946 in
1472 2873 1627 2997 Efeleffia
1643 2874 1724 2950 Dei·
1776 2875 1844 2995 Sed
1870 2900 1992 2946 “ves‘'
2016 2878 2157 2995 ‘3³⁰⁶st
2181 2901 2249 2998 ¹¹2⁸

374 3024 414 3096 ἱ),
433 3024 520 3097 urg,
537 3023 702 3098 [mimo
717 3023 775 3124 ¹),
789 3025 907 3097 amico
922 3051 990 3097 suo
1005 3023 1046 3122 ι).
1170 3061 1174 3066 ,
1288 3001 1365 3064 eus,
1389 2992 1424 3048 et
1437 2982 1614 3069 mitigabit
1630 3003 1695 3049 nos
1713 2981 1930 3050 calamitates
1946 2980 2107 3071 publicas
2126 2992 2160 3049 et
2174 3004 2250 3072 prr-

1252 3093 1367 3165 vatas,
1401 3080 1431 3148 si
1454 3106 1534 3150 enm
1560 3083 1688 3152 fiducia
1704 3082 1772 3151 filii
1788 3081 2051 3167 invocabimus,
2083 3081 2143 3175 qui
2165 3106 2251 3174 pro-

212 3155 256 3245 S.
277 3171 322 3247 D.
355 3172 566 3245 Veneranda
583 3176 728 3245 domine
745 3172 889 3271 Georgi.
926 3170 1105 3244 Bromius
1119 3176 1207 3244 scri·
1253 3196 1330 3272 pter
1351 3180 1546 3252 Ecclesiam
1581 3181 1701 3278 ἱκέτης
1734 3187 1846 3255 lactus
1879 3196 1931 3251 est
1964 3198 2108 3254 aeterno
2143 3185 2248 3274 patri.

212 3279 265 3348 bit
279 3271 325 3371 ³),
351 3277 479 3346 dixisse
494 3276 692 3372 Dominum
711 3272 754 3347 dc
768 3271 896 3349 Nares
913 3273 962 3370 ⁴),
995 3279 1207 3347 cumdere-
1253 3282 1374 3372 Quare
1389 3285 1429 3352 in
1451 3287 1619 3358 omnibus
1639 3288 1706 3378 piis
1729 3285 1974 3376 congressibus
1991 3301 2072 3355 vota
2097 3288 2250 3356 coniun-
2310 3363 2312 3367 ,

214 3381 293 3449 ditu
324 3401 388 3446 suo
421 3381 465 3447 ad
495 3376 690 3448 Ecclesiam
723 3395 901 3469 ageretur,
954 3378 1206 3471 Imperatorem
1252 3409 1373 3474 gamus
1397 3411 1437 3456 ac
1462 3390 1628 3458 ardenter
1650 3403 1829 3480 petamus,
1870 3399 1911 3456 ut
1931 3385 2027 3456 Deus
2060 3387 2129 3454 sibi
2156 3389 2251 3460 inter

213 3474 472 3576 †Carolum”⁵)
488 3481 694 3566 decrevisse,
720 3482 845 3550 tollere
859 3480 1010 3551 dissidia
1023 3482 1206 3552 doctrinae
1252 3510 1318 3555 nos
1335 3501 1504 3579 perpetuo
1518 3485 1711 3560 Ecclesiam
1726 3501 1840 3558 servet
1855 3510 1895 3555 ac
1912 3500 2027 3573 regat,
2060 3487 2161 3577 eique
2179 3484 2249 3557 ho-

214 3597 249 3653 et
261 3582 416 3659 rituum,
444 3604 483 3648 ac
499 3582 770 3666 mandaturum,
786 3595 846 3686 ⁸ut
860 3583 1041 3650 communi
1057 3606 1206 3652 consen·
1251 3601 1349 3658 nesta
1367 3604 1403 3660 et
1419 3592 1610 3683 tranquilla
1626 3586 1780 3680 hospitia
1794 3587 1980 3668 concedat,
2012 3600 2045 3654 et
2060 3606 2134 3655 non
2151 3586 2247 3656 sinat

213 3708 256 3754 su
277 3682 508 3774 amplectatur
527 3679 721 3752 Germania
737 3685 875 3752 decreta
892 3680 1029 3776 Synodi
1049 3683 1206 3754 Triden-
1253 3691 1411 3779 extingui
1431 3693 1612 3760 doctrinae
1634 3693 1750 3759 lucem
1777 3713 1816 3758 ac
1836 3686 1962 3757 studia.
2015 3684 2113 3755 Haec
2136 3682 2248 3757 hodie
2278 3757 2284 3773 ,

93 3840 99 3847 .
212 3788 319 3877 tinae,
345 3784 384 3851 in
401 3808 469 3877 qua
485 3808 582 3855 nunc
597 3785 788 3855 acerrimae
803 3785 1046 3854 contentiones
1061 3801 1146 3857 sunt
1161 3787 1205 3855 de
1250 3816 1392 3885 quoque
1407 3805 1585 3882 petamus,
1611 3815 1691 3861 cum
1711 3791 1754 3859 ad
1771 3792 1880 3859 sunus
1892 3789 2089 3857 venerandi
2107 3789 2249 3859 domini

213 3886 374 3958 doctrina
391 3886 660 3960 iustificationis.
691 3886 898 3979 Proponent
911 3881 1124 3974 cothurnos,
1144 3902 1206 3958 aut
1248 3887 1408 3969 Nicoloi
1427 3885 1589 3960 Rhodon
1612 3892 1882 3973 conveniemus,
1915 3891 1988 3983 ‘qui
2012 3887 2092 3958 heri
2117 3914 2157 3959 ex
2180 3886 2248 3961 hae

213 4013 295 4060 suos
321 4012 456 4060 errores
479 3989 659 4059 stabilient
667 4013 676 4073 ;
710 3992 771 4058 sed
795 4012 851 4058 res
875 3990 1029 4061 ostendit
1046 3984 1082 4083 ⁶)
1117 3991 1203 4083 quid
1250 3994 1392 4065 mortali
1404 3996 1476 4064 vita
1494 3994 1533 4062 in
1548 3996 1734 4063 coelestem
1751 4006 1915 4063 evocatus
1934 4006 1995 4063 est.
2047 3991 2161 4062 Senex
2177 3994 2248 4064 fuit

213 4107 346 4180 agatur.
405 4087 481 4181 Ego
503 4092 546 4159 de
569 4091 646 4159 iure
672 4091 907 4177 defensionis,
950 4093 1044 4184 quod
1070 4093 1206 4183 scripsi,
1250 4102 1372 4166 amans
1406 4097 1589 4167 doctrinae
1623 4096 1800 4181 coelestis,
1842 4109 1876 4167 et
1908 4118 1990 4162 vera
2022 4094 2248 4165 invocatione

213 4195 344 4279 sentio,
371 4217 436 4262 nec
455 4188 484 4285 ⁷)
506 4216 664 4284 unquam
684 4191 824 4265 locutus
845 4217 923 4262 sum
945 4195 1063 4268 aliter.¹
1109 4193 1204 4267 lllud
1229 4195 1365 4269 'Deum
1385 4199 1506 4268 coluit.
1538 4199 1617 4269 Fiet
1634 4212 1750 4269 autem
1768 4199 1799 4268 ei
1813 4191 2037 4267 funushodie
2052 4192 2249 4266 horaduo·

212 4296 395 4385 deploravi
410 4309 444 4364 et
459 4291 576 4365 adhuc
590 4294 756 4384 deploro,
781 4294 977 4385 principes,
1003 4297 1066 4390 qui
1082 4298 1204 4367 delen·
1251 4301 1398 4370 decima.
1451 4300 1557 4371 Tunc
1573 4301 1682 4391 igitur
1700 4301 1737 4368 in
1761 4301 1912 4390 plateam
1929 4299 2127 4388 proximam
2148 4299 2246 4366 aedi-

212 4397 295 4463 dere
321 4394 515 4466 Ecclesiam
543 4397 737 4476 debebant,
777 4419 852 4464 non
885 4419 1078 4486 congruere
1111 4401 1205 4468 inter
1250 4402 1403 4472 bus-v‘iri
1427 4398 1685 4487 honestissimi,
1719 4399 1884 4490 Magistri
1899 4392 2027 4470 Lucae
2043 4395 2246 4492 Edcbergii

166 4526 169 4531 ·
212 4519 295 4567 sese.
346 4494 530 4582 Quantum
545 4499 750 4570 incendium
770 4498 809 4566 in
824 4499 937 4589 patria
956 4500 1217 4591 excitavitdux
1250 4505 1397 4574 veniant
1425 4505 1583 4594 magistri
1615 4517 1650 4573 et
1681 4496 1884 4573 scholastici
1906 4498 2125 4576 Academiae.
2177 4499 2248 4572 Die

211 4591 446 4667 Mauritius!
467 4596 516 4668 Et
531 4601 599 4671 alia
614 4602 724 4672 multa
740 4614 841 4682 sunt,
866 4624 956 4694 quae
972 4601 1129 4690 deploro.
1164 4600 1203 4670 Si
1250 4603 1311 4678 25.
1323 4603 1521 4677 Februarii.
2271 4596 2275 4604 ¹

246 4872 272 4937 1)
291 4867 364 4923 llaec
375 4866 492 4925 servarit
505 4867 569 4923 cod.
585 4870 669 4925 Goth.
685 4872 743 4925 190.
1283 4876 1310 4943 8)
1330 4873 1370 4928 De
1385 4874 1486 4927 loanne
1501 4873 1626 4944 Agricola
1640 4871 1771 4942 loquitur.
1799 4863 1845 4930 Cf.
1859 4890 1901 4942 ep.
1918 4871 1944 4925 d.
1959 4871 1986 4922 d.
2001 4871 2041 4923 16.
2058 4871 2138 4925 Febr.

243 4957 272 5022 2)
289 4952 321 5006 ln
341 4953 414 5037 cod..
427 4953 512 5039 Goth..
533 4955 592 5038 l9l.
612 4965 639 5008 et
662 4955 778 5038 incod.
798 4960 878 5014 Mon.
898 4959 1011 5029 epistola
1033 4957 1205 5014 inscribitrr=
1283 4959 1312 5026 9)
1331 4960 1384 5025 nit]
1400 4957 1465 5015 cod.
1482 4956 1568 5015 Goth.
1584 4955 1658 5011 19t.:
1676 4957 1760 5010 iubet.

278 5058 297 5096 „
306 5022 430 5090 Georgro
444 5023 585 5089 Matorr”‚·
601 5043 631 5078 ex
644 5036 802 5080 contectura
816 5027 1038 5084 describentium.
1286 5043 1330 5109 lo)
1350 5039 1433 5112 Quod
1447 5042 1614 5094 enarraturi
1623 5042 1783 5107 deliberabo]
1795 5039 1876 5096 codd.
1892 5056 1949 5091 noo
1963 5039 2071 5095 habent.

145 5185 154 5195 ‚
243 5107 271 5176 8)
289 5106 353 5164 Vid.
367 5107 446 5179 epist.
459 5109 493 5163 ad
508 5108 605 5163 Ionam
620 5110 646 5164 d.
661 5109 687 5164 d.
701 5108 729 5165 8.
744 5111 829 5166 Mart.
924 5177 932 5188 ἢ
1286 5128 1330 5195 11)
1352 5124 1422 5178 eod.
1440 5124 1601 5181 Goth,190.
1621 5127 1695 5181 vole.

242 5193 270 5262 c)
288 5191 361 5246 coa.
374 5191 460 5247 corn.
471 5192 530 5262 191,
549 5194 642 5248 aava.
1284 5209 1328 5272 ιε)
1346 5206 1416 5261 coa.
1430 5206 1515 5260 cora.
1530 5207 1590 5265 190.
1610 5182 1691 5276 qaae.

244 5278 271 5346 5)
289 5277 403 5332 Addunt
417 5275 499 5331 codd.
510 5287 617 5330 omnes.
1283 5293 1326 5360 18)
1344 5294 1399 5361 est]
1416 5293 1501 5349 Manl.
1520 5302 1594 5349 erat.

242 5360 272 5427 6)
292 5359 382 5420 Μθῦι·
397 5366 535 5416 ⁰⁸¹md0‘·
550 5370 552 5374 ⁷
1285 5381 1328 5450 14)
1345 5380 1407 5434 dics
1418 5379 1458 5433 M.
1472 5382 1533 5443 seu]
1551 5375 1613 5431 ond.
1628 5375 1709 5433 Goth.
1726 5374 1786 5433 l9l.
1805 5395 1860 5432 non
1874 5376 1962 5432 hebet.

200 5531 203 5535 .
241 5445 271 5513 7)
293 5447 363 5501 Cod.
378 5445 463 5503 Goth.
481 5445 542 5501 191.
554 5462 653 5515 neque.
1406 5495 1409 5499 .
1616 5460 1618 5467 ’
1716 5456 1719 5462 “
