4748 6022
154 277 235 354 425
741 250 1172 335 EPISTOLARUM
1220 249 1325 326 LIB.
1350 249 1396 329 X.
1432 243 1578 327 '1542
1788 286 1790 291 ·
2113 242 2189 318 tet

164 476 257 524 nem.
308 438 399 519 Nam
415 430 562 514 Caiolus
577 432 775 529 Imperator
785 431 931 500 mandat
942 413 1149 498 Norimber'-
1197 446 1276 493 reos
1290 422 1446 514 postulat
1460 420 1589 490 molier
1601 431 1747 510 propter
1763 417 1975 498 cessionem,
2004 413 2044 485 id
2058 411 2190 513 absur-

166 553 265 644 gensi
287 526 451 622 Senatui,
483 555 523 609 ut
544 537 687 606 eiiciant
701 526 934 602 Osiandram
956 544 990 599 et
1008 523 1054 601 V
1050 525 1152 605 iram,
1200 528 1371 609 domest,
1404 537 1437 592 et
1456 536 1645 613 utmmque
1661 535 1763 611 turpe
1779 531 1848 602 est,
1879 518 1963 585 dare
1980 528 2015 587 et
2029 519 2189 608 accipere

168 667 205 723 et
225 652 390 745 Synodus
415 639 626 725 Tridentina
660 637 772 706 edidit
790 633 940 725 impium
973 632 1152 699 decretum
1198 651 1275 695 eam
1292 625 1488 716 pecuniam.
1539 620 1654 715 Credo
1671 618 1716 713 ¹),
1750 619 1977 712 quantumin
1995 614 2191 688 haeveteri

168 766 291 826 contra
305 744 503 818 doctrinam
512 763 629 809 veram
645 735 688 806 de
704 734 959 821 iustificatione.
999 729 1073 801 Cur
1087 730 1154 817 igi·
1199 742 1233 797 et
1247 725 1410 795 intricata
1427 748 1527 794 causa
1540 724 1663 803 video,
1691 722 1817 791 melius
1834 744 1925 803 esse,
1949 732 1990 788 ut
2003 719 2193 811 permitta-

169 869 228 925 tur
242 875 337 922 arma
356 849 400 916 ab
417 840 625 913 adversariis
642 851 755 907 sumta
772 835 933 914 sint‚-res
949 834 1023 923 ipsa
1037 843 1154 901 osten·
1200 844 1259 899 tur
1279 824 1319 900 V
1317 823 1488 905 iacentia,
1521 838 1562 893 ut
1575 825 1727 893 retineat
1740 825 1951 905 secundam,
1983 821 2189 911 etpublicis

170 957 240 1036 dit,
279 973 368 1045 quos
390 945 508 1027 Deus,
548 954 710 1009 aeternus
744 951 843 1028 pater
876 933 1015 1004 domini
1043 930 1156 1001 nostri
1201 928 1409 998 ceremoniis
1424 925 1565 1017 nuptias
1580 925 1772 994 confirmet.
1812 920 1914 992 Hanc
1926 945 2042 990 meam
2056 922 2190 1013 episto·

169 1055 276 1138 Le„
300 1047 487 1140 reprimat,
522 1042 580 1111 cui
605 1040 732 1129 gratias
758 1060 838 1124 ago,
870 1037 967 1129 quod
992 1033 1156 1124 repressit
1201 1032 1270 1099 lam
1290 1053 1417 1121 quaeso
1432 1041 1472 1098 ut
1487 1027 1575 1096 boni
1586 1025 1785 1095 consulatis.
1837 1022 1971 1115 Scripsi
1987 1022 2190 1092 misericor-

168 1149 419 1228 Marchionem
443 1139 632 1212 Albertum
649 1136 703 1235 *),
731 1139 799 1230 ¹qui
820 1149 1065 1226 argumentum
1089 1133 1156 1201 erit
1201 1132 1259 1200 dia
1284 1153 1475 1221 parvorum
1504 1150 1696 1219 puerorum
1724 1139 1842 1195 motus
1874 1137 1909 1194 et
1937 1125 1997 1217 pia
2019 1147 2122 1195 causa
2145 1119 2187 1218 ²).

169 1255 298 1330 veteris
312 1247 476 1319 versiculi
491 1238 565 1339 **).
1201 1232 1298 1302 Bene
1313 1232 1402 1304 vale.
1433 1228 1501 1302 Die
1518 1237 1552 1303 5.
1564 1227 1690 1298 Martii
1707 1224 1817 1302 1547.

68 1429 73 1433 ,
272 1353 339 1423 Fui
350 1347 641 1433 Wittenbergae,
655 1350 706 1409 ‘ut
724 1341 909 1409 cuderetur
927 1337 1018 1406 liber
1033 1328 1158 1402 Menii

169 1459 214 1528 de
231 1452 447 1532 defensione,
472 1469 577 1539 quem
594 1442 696 1531 legia
713 1454 745 1510 te
762 1452 905 1530 propter
920 1433 1156 1506 historiasve-

170 1559 245 1631 lim.
294 1552 462 1622 Nondum
480 1572 521 1616 eo
536 1544 723 1615 transferre
736 1540 904 1609 familiam
916 1561 1055 1628 possum
1073 1560 1156 1626 pro·
1200 1576 1255 1647 No
1283 1575 1382 1646 3763

169 1672 249 1751 pter
262 1655 387 1725 febrim
402 1671 530 1740 parvae
546 1645 698 1735 puellae,
730 1641 794 1708 filii
814 1635 951 1706 Sabini
956 1666 970 1714 ,·
1001 1637 1061 1704 sed
1078 1633 1153 1705 Deo
1207 1626 1396 1702 ..Ὠ-ω’
1807 1683 1812 1697 ,

171 1761 315 1828 iuvante
329 1751 429 1823 brevi
447 1773 488 1817 eo
504 1746 638 1816 redibo.
689 1741 793 1811 Nunc
808 1737 895 1829 mgr.
912 1764 994 1852 pam
1012 1728 1092 1827 ἨΜ)
1116 1737 1155 1803 in
1568 1738 1620 1826 G·
1642 1741 1816 1826 Maiori·

172 1872 385 1968 quibusdam
402 1867 518 1936 rebus.
549 1860 584 1932 5.
599 1857 706 1928 Mart.
1272 1901 1359 1975 Epist.
1376 1902 1423 1958 tib.
1436 1905 1472 1957 v.
1489 1920 1516 1974 p.
1526 1900 1578 1956 348
1589 1922 1632 1974 eq.

2051 1671 2186 1700 M

170 2083 1157 2125 ....----·-------·--—-—---·
1277 2052 1480 2153 Georgia
1501 2052 1699 2130 Maiori
1725 2058 1820 2155 (lum
1842 2055 2114 2160 Magdebnrge)

169 2259 226 2330 No
254 2256 353 2328 3767
1027 2249 1157 2319 ⁵‚Mam
1203 2189 1250 2279 S.
1277 2203 1320 2278 D.
1373 2204 1536 2294 Quomm
1552 2207 1707 2277 artificiis
1722 2209 1760 2275 in
1776 2202 1832 2276 his
1847 2206 1949 2279 torris
1967 2210 2194 2304 cognatiDu-

175 2302 365 2385 „gu-,⁸
1030 2341 1149 2366 Μ
1205 2332 1260 2377 ces
1284 2308 1460 2376 commissi
1486 2308 1576 2390 sint,
1616 2300 1651 2378 oi
1673 2308 1993 2405 συγκρουσθέντες
2018 2328 2070 2394 et,
2111 2340 2192 2385 cum

491 2429 593 2541 Cph·
629 2429 841 2512 pvb-schem·
1180 2343 1372 2492 lsciamus,
1403 2409 1643 2500 tranquilliori
1665 2411 1785 2479 animo
1807 2412 1961 2482 feramus
1982 2408 2067 2483 haec
2086 2419 2190 2504 mala,

477 2576 480 2581 .
1206 2510 1244 2576 in
1263 2510 1538 2601 quibussumus.
1587 2507 1670 2579 Non
1687 2534 1770 2596 nos,
1806 2514 1867 2581 sed
1890 2515 1943 2581 illi
1961 2515 2078 2584 miseri
2093 2531 2189 2602 sunt,

239 2615 318 2688 †Ex
329 2607 500 2665 collectione
511 2605 640 2658 Ballenst.
658 2603 721 2659 Vol.
736 2602 757 2657 l.
775 2620 802 2673 p.
816 2601 859 2656 24.
884 2600 1022 2670 (Ballemt.
1039 2619 1096 2656 eam
1113 2601 1158 2654 de·
1205 2610 1551 2682 etiamsivincereng
1600 2606 1647 2682 Ep
1665 2625 1916 2704 [amensperffi
1940 2614 2054 2685 Deum
2070 2619 2190 2688 vindi,

271 2690 419 2753 ⁵⁰¹¹P⁸¹²‘¹
433 2672 599 2746 '⁰¹⁰5‘²⁹¹¹⁰
612 2670 700 2740 Md*
1206 2736 1280 2780 cern
1302 2712 1378 2779 sore
1400 2735 1483 2779 suae
1507 2711 1650 2800 gloriae.
1718 2709 1810 2783 Edet
1832 2729 1952 2785 contra
1976 2713 2188 2810 Epicuraeos

196 2850 409 2930 Iohanni
432 2841 664 2920 Fischm
691 2837 857 2935 (Pastori
878 2842 917 2911 pn
937 2808 1162 2941 Jpwbogg
1205 2811 1467 2896 testimonium,
1490 2835 1526 2879 se
1539 2813 1704 2882 exaudire
1718 2830 1857 2885 nostros
1870 2817 2039 2906 gemitus,
2063 2834 2096 2890 et
2110 2836 2191 2893 vota

1206 2925 1347 2981 tuorum
1365 2913 1536 2995 filiorum,
1568 2927 1602 2982 et
1618 2914 1800 2990 similium.
1852 2917 1957 2988 Nunc
1974 2923 2060 2990 audi
2080 2947 2192 2994 noros

171 3007 213 3096 S.
238 3021 282 3092 D.
331 3017 540 3090 Reverende
556 3012 600 3084 D.
621 3009 834 3099 Praeposite.
886 3005 930 3095 ln
949 3002 1159 3097 hismagois
1204 3014 1342 3081 sorores
1364 3011 1597 3083 Tridentinae
1628 3014 1786 3108 synodi,
1827 3020 2042 3090 damnarunt
2072 3049 2192 3093 veram

93 3106 95 3111 ’
170 3123 322 3197 miseriis
344 3118 496 3210 publicis
513 3127 547 3185 et
564 3111 710 3204 privatis
731 3109 760 3178 si
780 3132 964 3198 possumus
980 3111 1159 3201 aliquibus
1205 3114 1401 3183 doctrinam
1424 3117 1467 3180 de
1487 3115 1572 3197 fide,
1605 3108 1674 3209 qua
1696 3119 1887 3209 recipimur
1908 3122 1947 3190 in
1967 3124 2132 3209 gratiam,
2159 3141 2194 3197 et

171 3225 283 3297 lenire
299 3221 457 3303 dolores,
481 3231 522 3286 ut
533 3212 648 3284 Deum
665 3210 856 3302 tranquilla
875 3211 1086 3279 conscientia
1103 3212 1159 3279 in-
1204 3215 1348 3307 quidem
1374 3215 1471 3282 tetris
1489 3218 1659 3303 portentis
1674 3219 1876 3293 verborum.
1928 3220 1998 3294 Ubi
2016 3224 2193 3312 integrum

171 3336 314 3406 vocent,
340 3321 398 3412 pie
419 3318 577 3389 facimus.
628 3312 737 3383 Nullo
763 3312 898 3401 privato
921 3312 1058 3380 adfectu
1082 3336 1160 3380 mo·
1204 3314 1337 3382 decreti
1354 3316 1551 3406 exemplum
1566 3333 1690 3390 nactus
1706 3343 1785 3403 em,
1818 3322 1919 3390 edam
1941 3324 2190 3393 refutationem

172 3449 259 3497 ποι·
289 3421 328 3489 iu
359 3442 462 3489 causa
496 3413 604 3484 buius
638 3414 759 3480 miseri
790 3408 945 3479 hominis
973 3408 1161 3482 Vincenlii
1205 3417 1249 3484 ad
1265 3412 1445 3489 Carolum.

173 3529 235 3598 sed
251 3570 336 3596 .....
352 3515 380 3614 ¹)
403 3515 616 3587 conscientia
637 3513 747 3602 ipsius
765 3525 799 3580 et
819 3525 1012 3601 postremae
1030 3515 1158 3582 mulie·
1304 3514 1393 3584 Misi
1413 3517 1501 3585 istuc
1524 3541 1640 3587 meum
1664 3542 1859 3604 cursorem,
1889 3533 1928 3588 ut
1949 3522 2051 3589 nobis
2070 3546 2186 3590 erem-

172 3628 223 3698 ris
239 3639 273 3695 et
287 3620 392 3690 saluti
408 3637 599 3708 puerorum
617 3635 808 3702 parvorum
825 3611 973 3684 consuli.
1023 3610 1102 3699 Qua
1120 3615 1159 3682 in
1204 3617 1302 3706 plum
1325 3616 1450 3685 afferat
1472 3616 1651 3686 literarum
1670 3615 1862 3708 Principis,
1887 3645 2010 3711 quem,
2037 3626 2189 3715 quicun-

174 3753 213 3799 re
227 3727 258 3797 si
272 3735 383 3814 potest
398 3711 568 3789 ἐπιείκεια
583 3713 749 3791 inveniri,
776 3711 901 3778 vollem
918 3735 995 3779 eam
1012 3710 1159 3785 adhibe·
1205 3742 1273 3809 que
1291 3729 1394 3786 erunt
1410 3717 1540 3794 exitus,
1567 3729 1682 3785 tamen
1701 3722 1854 3806 gaudeo,
1881 3722 1925 3789 de
1940 3718 2069 3794 Schola
2092 3728 2192 3815 cogi·

172 3830 207 3900 ri
221 3828 259 3897 in
275 3819 342 3892 hoc
356 3818 507 3909 negotio.
544 3813 742 3906 Responsio
758 3812 892 3899 primae
905 3811 1066 3882 mulieris
1078 3818 1160 3885 retl-
1204 3833 1278 3888 tare
1292 3818 1397 3885 etiam
1415 3816 1507 3883 inter
1528 3815 1680 3889 classica.
1731 3817 1849 3892 Carol.
1869 3819 1956 3913 lmp.
1974 3849 2068 3895 nunc
2084 3852 2194 3898 cona-

173 3931 228 4000 dit
241 3948 337 3996 nunc
352 3945 425 3991 rem
439 3917 686 3988 difficiliorem.
737 3912 776 3983 si
792 3934 934 4000 prorsus
950 3929 1102 4004 negaret,
1124 3940 1160 3987 se
1205 3934 1265 3989 tur
1284 3910 1515 3986 Osiondrum
1541 3927 1576 3984 et
1600 3912 1642 3988 V
1639 3916 1731 3987 itum
1764 3921 1938 4011 expellere
1971 3950 2012 3994 ex
2035 3926 2194 3999 Ecclesia

173 4025 412 4101 habitaturam
432 4042 504 4090 esse
526 4019 619 4108 apud
643 4010 739 4084 hunc
761 4010 804 4084 V
799 4011 1011 4100 iacentium,
1041 4041 1159 4087 meum
1206 4016 1472 4106 Noribergensi:
1505 4015 1575 4088 Sed
1598 4017 1786 4107 Senatum,
1818 4045 1939 4113 spero,
1972 4031 2124 4115 graviter
2137 4054 2195 4100 re-

174 4128 362 4200 cousilium
379 4133 483 4204 esset,
507 4131 548 4188 ut
565 4112 784 4190 Vincentius
798 4128 1011 4206 postremam
1029 4118 1160 4188 retine-
1204 4132 1418 4211 sponsorum
1435 4141 1520 4192 esse.
1554 4117 1782 4214 Hieronymo
1795 4117 2099 4219 Bamngartnero
2114 4133 2195 4201 misi

173 4244 228 4302 ret
243 4245 276 4301 et
290 4229 328 4296 in
345 4225 455 4294 alium
473 4222 589 4291 locum
604 4218 769 4305 migraret
785 4230 928 4305 propter
944 4220 1160 4289 scandalum.
1207 4235 1302 4292 tuam
1319 4220 1515 4308 epistolam,
1539 4235 1574 4292 et
1586 4222 1720 4312 scripsi,
1741 4237 1866 4294 utrem
1882 4244 1995 4300 servet
2009 4233 2223 4322 integram‘
2275 4248 2283 4255 '

176 4330 284 4420 Quod
299 4350 381 4395 vero
398 4322 582 4416 pecuniam
598 4318 712 4409 prima
727 4315 857 4384 mulier
873 4318 959 4406 petit
975 4344 1040 4410 pro
1055 4321 1160 4391 certis
1305 4310 1494 4392 Marcello
1514 4322 1627 4405 dicas,
1658 4322 1689 4390 si
1705 4317 1837 4394 Menii
1849 4326 2025 4425 scre'plam
2041 4335 2136 4404 volet
2151 4334 2190 4402 in

175 4432 324 4522 pannis,
357 4427 421 4494 etsi
449 4418 665 4495 Vincentius
687 4417 817 4487 multas
838 4421 1078 4489 excusationes
1097 4424 1161 4491 ad·
1205 4423 1352 4493 latinam
1372 4425 1531 4514 lingnam
1562 4420 1767 4509 transferre,
1809 4443 1849 4498 ut
1870 4447 2038 4522 sequatur
2063 4458 2193 4506 novam

174 4533 262 4610 sert,
296 4541 411 4596 tamen
429 4525 484 4611 egi
504 4546 584 4591 cum
599 4547 661 4603 eo,
690 4533 731 4590 ut
747 4517 965 4608 promiserit,
998 4543 1035 4588 se
1052 4522 1161 4613 quin·
1207 4525 1408 4597 editionem.
1443 4523 1637 4594 Historiam
1653 4526 1698 4595 de
1710 4527 1842 4615 praelio
1855 4522 2098 4605 Roehlicensi
2109 4561 2194 4608 nos-

176 4656 245 4726 que
257 4646 381 4698 aureos
393 4625 557 4692 daturum
573 4647 645 4692 esse
662 4645 726 4712 pro
748 4619 821 4688 illis
835 4620 940 4688 rebus
956 4642 1045 4711 quae
1060 4635 1160 4691 erant
1207 4648 1243 4693 se
1257 4650 1321 4695 vos
1330 4627 1493 4698 arbitror.
1529 4619 1727 4711 †Agamus
1742 4624 1818 4697 Deo
1834 4634 1972 4720 gratias,
1999 4634 2196 4728 quodhac·

174 4745 361 4803 annotatae
377 4726 417 4793 in
431 4717 562 4793 charta.
613 4720 720 4810 Quod
734 4746 817 4790 vero
839 4721 944 4792 etiam
960 4720 1079 4791 decem
1096 4746 1160 4819 au·
1208 4741 1309 4796 tenus
1330 4727 1494 4816 repressit
1514 4714 1714 4822 hostes'''*).
1756 4727 1855 4802 Bene
1871 4734 1957 4808 vale.
1995 4737 2063 4808 Die
2083 4741 2195 4832 septi-

578 4854 584 4861 ·
1208 4851 1265 4899 mo
1281 4827 1416 4898 Martii.
1912 4905 1913 4909 ,
2023 4886 2025 4891 <

1309 4926 1393 4998 Vito
1408 4939 1444 4998 et
1459 4924 1632 5000 Marcello
1647 4930 1798 5002 salutem
1809 4933 1906 5025 opto.

1945 5036 2145 5137 Philippus.

175 4922 229 4934 ,,.,..
234 4913 402 4928 ...ρο-

208 5019 238 5089 *)
259 5017 289 5072 ln
305 5031 397 5088 pugo!
407 5010 442 5067 ed
456 5005 652 5063 Rocblitzium.
734 5003 738 5011 '

207 5102 360 5226 “inm
371 5098 416 5180 laio
427 5106 541 5167 uterque
554 5092 653 5148 eodera
682 5088 803 5162 „Versus
819 5110 931 5164 gratem
943 5103 1000 5152 een
1014 5097 1161 5151 omissut.”
1206 5128 1411 5151 ........-.
1451 5194 1454 5199 q
1522 5084 1526 5089 ¹

270 5173 314 5226 rde
326 5187 392 5222 eum
405 5185 435 5221 m
448 5182 491 5234 ep.
504 5160 628 5217 anteced.

207 5253 276 5319 m)
296 5248 367 5307 Dedi
381 5246 521 5315 „mim
538 5243 644 5298 ,unffi
657 5252 776 5313 mque
789 5241 899 5312 ‘office’
925 5245 972 5302 „g
984 5244 1033 5318 qui
1048 5245 1160 5303 dbia.
1242 5221 1269 5288 1)
1287 5218 1353 5275 Mat.
1365 5217 1442 5317 babet
1455 5224 1557 5317 modo,
1573 5222 1648 5293 qood
1663 5222 1794 5303 mendose
1802 5225 1902 5283 lectum
1917 5243 1984 5301 poto
1998 5253 2050 5308 pro
2062 5243 2159 5302 eredo.

241 5324 309 5382 lint,
328 5315 440 5374 delinire
453 5333 510 5369 oon
522 5330 643 5387 possum.
875 5318 878 5323 '
1240 5301 1270 5370 2)
1286 5301 1331 5358 ne
1346 5302 1482 5358 Vaneeotn
1493 5321 1572 5360 uun
1585 5305 1659 5360 cons.
1676 5323 1720 5378 ep.
1733 5306 1760 5364 d.
1773 5307 1801 5364 d.
1817 5310 1863 5368 28.
1875 5313 1955 5370 Febr.

207 5411 236 5478 1)
250 5405 345 5481 suppl.
359 5402 455 5457 velim.
1245 5390 1274 5458 *l
1293 5387 1424 5450 Addua.
1436 5386 1474 5445 D·
