4748 6022
164 117 239 197 639

82 318 90 330 ·
168 287 590 379 remittitobligationem,
607 283 1165 356 etarbitramurineandemsen-

166 393 315 469 tentiam
331 394 375 460 ad
391 413 453 458 vos
470 388 578 458 scribi
598 386 792 478 copiosius:
828 383 952 481 ltaque
967 387 1166 471 consilium,

165 497 264 589 quod
290 507 341 564 est
363 489 680 581 simplicissimum,
723 487 888 559 duximus
913 513 988 559 esse
1012 489 1165 560 rectissi-

166 620 277 668 mum.

266 723 357 793 Cum
383 722 537 793 Senatus
559 714 603 794 V
602 716 875 792 ratisiaoiensis
906 747 981 792 non
1010 723 1166 794 remittat

164 827 436 915 obligationem,
471 824 710 894 existimamus
726 846 788 893 ros
802 837 894 894 recte
911 827 1065 894 facturos
1082 849 1166 910 esse,

164 931 194 997 si
211 925 441 1017 Amplissimo
457 924 605 1020 Senatui
618 919 782 1020 Lypsico
795 938 997 997 reverenter
1011 949 1166 1017 expona-

163 1030 210 1106 tis
238 1027 468 1097 necessariam
494 1049 634 1096 causam
662 1026 901 1115 migrationis:
941 1026 1015 1096 Vos
1037 1027 1075 1095 in
1101 1028 1166 1095 illo

158 1129 344 1208 ,communi
371 1129 494 1199 dolore
515 1141 694 1218 permotos
718 1150 811 1212 esse,
851 1141 892 1198 ut
913 1128 1165 1218 promitteretis

163 1229 345 1304 Ecclesiae
363 1226 402 1300 V
403 1225 673 1313 ratislaaieasi,
701 1253 768 1298 nec
791 1229 923 1299 remitti
943 1231 989 1297 ab
1010 1230 1053 1297 iis
1074 1229 1167 1297 obli-

164 1334 360 1423 gationem:
387 1330 506 1418 Quare
522 1357 602 1400 cum
618 1331 729 1399 vincti
744 1330 935 1401 teneamini
953 1344 1066 1400 vestra
1083 1355 1166 1419 pro·

165 1434 357 1518 missione,
389 1431 522 1503 Petatis
537 1431 678 1501 veniam
694 1431 771 1498 dari
796 1431 1002 1499 necessitati.
1053 1429 1167 1500 Sidi-

163 1537 325 1619 mittent,
351 1534 451 1604 nulla
469 1533 645 1604 dubitatio
670 1545 792 1603 restat:
827 1532 898 1602 Sed
914 1533 943 1601 si
963 1532 1091 1602 nolunt
1110 1533 1166 1601 di-

151 1638 324 1733 mittere,
357 1635 395 1702 in
414 1659 487 1703 sese
510 1635 651 1724 culpam
669 1633 902 1718 derivabunt‚
936 1647 972 1702 et
988 1647 1168 1727 quaerent,

165 1739 347 1831 mornado
364 1758 426 1805 vos
441 1736 495 1804 vel
514 1733 693 1805 lllnstriss.
708 1732 883 1824 Principis
898 1730 1072 1803 Electoris
1087 1737 1168 1804 lite-

164 1840 215 1907 ris
230 1840 285 1906 vel
301 1838 374 1905 snis
390 1849 566 1906 excrrsent.
617 1832 659 1903 ld
676 1835 772 1904 enim
787 1835 857 1903 nisi
872 1836 1026 1906 facturos
1042 1859 1079 1904 se
1094 1859 1167 1906 esse

167 1941 376 2022 ostendant,
401 1936 566 2028 migratio
582 1936 774 2004 necessaria
787 1951 853 2010 est.

145 2057 148 2060 ’
214 2141 221 2154 ,
238 2067 315 2141 Etsi
335 2083 450 2138 antem
467 2068 597 2137 scimus
616 2062 727 2136 Vobis
741 2090 815 2136 non
833 2069 950 2136 deesse
966 2067 1168 2151 consilium,

165 2187 284 2243 umen
303 2172 387 2263 quid
405 2169 508 2238 nobis
523 2170 706 2252 videatur,
733 2169 837 2258 plane
853 2168 1070 2259 scripsimus.
1119 2164 1168 2238 Et

164 2269 258 2344 hanc
274 2275 368 2340 viam
384 2271 537 2360 agendae
552 2264 659 2338 huius
675 2269 726 2337 rei
741 2268 1037 2361 simplicissimam
1051 2283 1085 2338 et
1099 2295 1167 2337 mr-

47 2428 50 2434 .
164 2397 233 2444 raus
256 2374 453 2462 perplexam
478 2393 572 2450 esse,
614 2392 835 2463 maximeque
863 2395 1052 2438 conventre
1075 2371 1168 2460 fider,
1221 2416 1379 2486 invenire
1401 2418 1588 2508 pecuniam
1609 2421 1654 2487 ad
1685 2419 1840 2491 iuvanda
1874 2424 1991 2493 studia
2025 2424 2220 2512 limarum,

166 2490 201 2543 et
218 2472 382 2560 gravitati
399 2483 533 2538 vestrae
556 2469 765 2541 iudicamus.
815 2469 984 2539 Poteritis
999 2484 1117 2540 tamen
1134 2484 1168 2540 et

168 2574 371 2655 volusenus,
386 2610 388 2615 ·
404 2582 438 2638 et
463 2593 543 2637 cum
567 2568 686 2658 paucis
710 2568 809 2653 aliis,
841 2594 993 2662 quorum
1012 2572 1116 2640 fidem
1133 2584 1169 2640 et

166 2672 374 2764 sapientiam
399 2669 654 2758 magnifacitis,
696 2693 735 2738 ac
758 2671 945 2761 praecipue
974 2697 1055 2740 cum
1079 2671 1167 2741 Viro

168 2773 376 2844 Clarissimo
398 2770 443 2842 D.
462 2769 617 2839 Doctore
631 2763 821 2840 Ladovico
835 2765 1020 2858 Faclssio,
1053 2774 1083 2842 si
1104 2777 1169 2842 ad-

168 2891 235 2959 est,
260 2877 304 2944 de
321 2876 441 2943 eadem
458 2897 495 2941 re
513 2873 719 2945 deliberare.
773 2870 815 2940 lu
832 2868 897 2943 bac
913 2887 1009 2944 tanta
1024 2875 1167 2945 moesti·
1244 2906 1250 2923 =

166 2980 215 3047 tia
232 2991 428 3066 temporum
446 2999 520 3042 non
537 2975 668 3043 mirum
680 2988 801 3043 estvos
819 2975 986 3045 invitatos
1001 2978 1045 3045 ad
1062 2976 1168 3045 aliam

165 3077 377 3160 Ecclesiam,
401 3077 504 3146 citius
520 3076 719 3167 implicatos
735 3099 808 3144 esse
822 3077 1042 3166 obligationi.
1070 3078 1168 3165 Qua·

167 3205 205 3250 re
229 3177 497 3250 existimationis
523 3191 657 3245 vestrae
679 3202 775 3245 rrurrc
798 3179 887 3247 ratio
915 3175 1077 3247 habenda
1102 3194 1168 3264 est;

168 3286 263 3376 quod
280 3302 461 3371 speramns
477 3279 652 3347 factumm
670 3301 743 3346 esse
759 3276 978 3352 Pmdcntiss.
989 3279 1170 3366 Senatum,

167 3399 201 3451 et
226 3395 345 3452 tamen
369 3379 475 3448 simul
498 3376 677 3447 Ecclesiae
702 3372 889 3474 Lypsicae
913 3381 1171 3466 consulturum,

94 3500 98 3517 '
167 3508 274 3576 quam
291 3483 436 3573 quidem
454 3493 487 3549 et
501 3502 567 3547 uos
583 3480 639 3568 pie
650 3493 685 3548 et
699 3481 850 3550 fideliter
862 3481 936 3569 regi
948 3495 981 3551 et
992 3482 1169 3574 tranquil-

166 3586 238 3652 lam
256 3607 328 3651 esse
345 3580 493 3649 maxime
508 3593 681 3670 optamus.
722 3577 821 3652 Rene
837 3596 871 3651 et
886 3583 1034 3653 feliciter
1048 3583 1171 3656 valete.

168 3682 238 3755 Die
251 3683 313 3756 20.
333 3680 504 3770 alrsgusti,
537 3677 772 3753 annotatt.

986 3887 1170 3901 m

170 4021 368 4145 QQ.
1014 4036 1072 4097 20.
1088 4026 1172 4110 Aug.

1004 4120 1175 4149 m

468 4194 601 4283 aria.
631 4195 861 4308 Staphyla.

243 4363 321 4430 †Er
344 4359 453 4416 collect.
473 4359 604 4416 lelenst.
629 4358 693 4414 vot.
706 4359 727 4415 l.
752 4380 779 4432 p.
793 4361 867 4432 187,
892 4363 937 4417 eui
958 4363 1030 4422 bane
1048 4367 1124 4442 epist.
1142 4387 1172 4424 es

276 4441 383 4501 autogr.
399 4428 469 4484 Mel.
485 4429 664 4501 descripserat
676 4428 881 4485 sacraremus.

174 4577 336 4657 Clarias.
362 4577 476 4670 Viro,
516 4580 719 4666 eruditione
743 4594 774 4657 ct
802 4570 931 4683 virtute
952 4592 1173 4683 praestanti,

762 100 1206 188 setsuouautut
1262 112 1369 192 [ΑΒ.
1395 115 1442 194 Χ.
1496 116 1628 196 1647.

2149 117 2232 196 840

1218 279 1341 362 πάντα
1349 340 1361 374 ,
1387 281 1451 362 καὶ
1469 284 1564 382 μετὰ
1580 289 1676 363 θεοῦ
1691 282 1784 386 τύχη
1803 284 1868 365 seat
1881 285 2009 390 καιρὸς
2022 319 2047 365 τ
2063 286 2229 391 ἀνθρώ-

1218 415 1307 462 πινα
1334 387 1608 488 διακυβερνῶσι
1631 386 1845 486 ξύμπαντα·
1884 389 2125 491 ἡμερώτερον
2149 393 2228 492 μὴν

1217 487 1345 587 τρίτον
1368 497 1607 592 συγχωρῆσαι
1628 488 1774 576 τούτοις
1793 491 1873 568 dciv
1895 493 2053 568 ἔπεσθαι
2075 493 2227 594 τέχνην.

1217 591 1309 665 Cum
1325 593 1435 685 igitur
1449 596 1565 665 fatalis
1583 597 1731 667 mutatio
1747 591 1805 666 bis
1822 593 1926 667 annis
1947 599 2089 692 aliquot
2105 615 2227 672 exorta

1218 709 1325 780 esset,
1361 695 1445 782 etsi,
1481 709 1521 767 ut
1542 695 1581 764 fit
1604 697 1641 765 in
1666 697 1942 786 mutationibus,
1983 700 2095 770 simul
2121 704 2225 774 multi

1218 791 1367 869 πανικοὶ
1383 798 1555 867 tumultus
1569 796 1792 885 inciderunt,
1815 814 1935 870 tamen
1948 804 2144 890 gubernari
2153 801 2225 875 Ec-

1218 898 1345 969 clesiae
1366 898 1482 968 studia
1499 899 1674 969 divinitus
1691 901 1857 975 vidimus.
1908 898 2010 974 Artis
2034 929 2112 976 non
2129 909 2221 976 mul·

1218 1012 1294 1071 tum
1312 995 1552 1071 adhibuerunt
1569 1014 1644 1070 tum
1662 1004 1822 1072 doctores
1836 1015 1915 1072 turn
1925 1005 2039 1091 aulae,
2066 1032 2151 1077 nam
2167 1010 2222 1077 di-

1219 1101 1364 1192 ligentia
1382 1115 1417 1172 et
1439 1103 1681 1173 moderatione
1701 1103 1805 1172 leniri
1827 1104 1922 1174 mala
1943 1105 2062 1200 aliqua
2083 1111 2222 1200 potuis-

1219 1217 1307 1276 sent.
1350 1201 1422 1272 Nec
1438 1216 1477 1273 tu
1493 1203 1644 1291 ignoras,
1671 1229 1727 1274 me
1741 1205 1853 1275 mttlta
1870 1205 1996 1292 tulisse,
2021 1211 2112 1279 dum
2130 1235 2221 1305 quas

1219 1304 1474 1374 controversias
1496 1304 1669 1395 explicare
1692 1306 1889 1396 simplicius
1909 1308 2041 1395 ausdui,
2079 1337 2154 1405 qua
2178 1315 2220 1383 in

1220 1430 1257 1474 re
1273 1429 1346 1474 non
1364 1405 1552 1474 ambitioni
1569 1407 1630 1476 sed
1647 1407 1785 1476 veritati
1808 1419 1842 1476 et
1864 1407 2050 1480 iuventutis
2063 1414 2218 1485 utilitati

1219 1506 1355 1578 serviri.
1405 1502 1453 1576 Et
1468 1530 1589 1598 spero,
1622 1501 1715 1577 banc
1731 1533 1844 1578 meam
1860 1510 2072 1601 diligentiam
2092 1517 2135 1584 ad
2152 1516 2216 1586 iu-

1220 1608 1411 1677 dicandum
1442 1621 1476 1675 et
1505 1610 1548 1677 ad
1582 1609 1860 1679 moderationem
1889 1613 2014 1684 multis
2033 1617 2211 1703 proluisse.

1220 1708 1386 1780 Sustento
1411 1708 1519 1796 igitur
1540 1733 1596 1776 me
1619 1736 1697 1780 cum
1720 1711 1797 1780 aliis
1818 1715 2122 1785 consolationibus
2140 1732 2216 1787 turn

1221 1834 1305 1880 vero
1320 1809 1533 1880 conscientia
1555 1824 1668 1881 rectae
1685 1812 1878 1883 voluntatis
1894 1828 1930 1885 et
1945 1839 2049 1885 verae
2069 1819 2221 1907 explica-

1224 1912 1329 1981 tionis
1344 1911 1533 1983 doctrinae.

1319 2008 1521 2085 Revocatus
1536 2035 1612 2083 sum
1638 2014 1680 2081 ad
1699 2010 1944 2104 Academiam,
1979 2019 2025 2088 de
2047 2019 2148 2088 cuius
2164 2020 2224 2089 in-

1221 2113 1437 2183 stauratione
1454 2138 1549 2183 narnc
1566 2115 1800 2197 deliberatur,
1834 2131 1875 2188 ut
1894 2119 2057 2190 narrabit
2074 2121 2131 2190 vir
2149 2122 2223 2191 cla·

1138 2270 1147 2287 .
1221 2216 1381 2285 rissimus
1394 2211 1572 2285 Dominus
1591 2212 1726 2286 Ductor
1742 2213 1923 2299 Andreas.
1976 2221 2016 2292 Si
2040 2245 2119 2291 non
2140 2247 2223 2314 pro·

1222 2317 1321 2386 cedet
1338 2315 1544 2384 instauratio
1561 2318 1771 2406 academiae,
1795 2307 1835 2392 ut
1849 2320 1887 2389 in
1904 2322 1994 2392 aulis
2010 2323 2159 2392 difficile
2173 2340 2222 2396 est

1221 2517 1360 2587 decrevi
1374 2516 1442 2587 iter
1456 2520 1501 2586 ad
1515 2542 1577 2588 vos
1591 2521 1778 2612 suscipere.
1811 2521 1844 2592 Τ
1846 2548 1864 2593 e
1880 2525 1987 2596 velim
2003 2527 2053 2596 ad
2069 2550 2135 2597 nos
2149 2552 2220 2598 sae-

1222 2619 1301 2710 pius
1326 2619 1497 2704 scribere,
1539 2644 1722 2715 meamque
1757 2648 1836 2715 erga
1870 2639 1903 2696 te
1935 2626 2219 2698 benevolentiam

1221 2721 1308 2790 scito
1329 2720 1404 2789 lore
1424 2735 1639 2811 perpetuam.
1700 2721 1812 2794 Valde
1835 2739 1870 2796 et
1902 2723 1993 2806 mihi
2019 2743 2057 2800 et
2078 2730 2219 2800 caeteris

1222 2821 1343 2891 amicis
1352 2821 1561 2911 placuerunt
1573 2825 1764 2895 sententiae
1776 2840 1915 2898 tuarum
1927 2830 2222 2921 disputationum,

1222 2947 1261 2993 ac
1283 2922 1461 2992 luculenta
1484 2936 1537 2993 est
1559 2925 1743 3014 explicatio
1769 2929 1869 2998 dicti:
1904 2953 2016 3026 saper
2038 2924 2139 3002 hanc
2162 2957 2221 3030 pe-

1222 3024 1319 3092 tram
1340 3036 1402 3096 etc.
1438 3021 1536 3093 Deus
1557 3026 1672 3097 studia
1697 3029 1754 3117 pia
1778 3030 1952 3104 defendat.
1980 3084 1986 3092 -
2014 3029 2117 3105 Bene
2138 3037 2219 3110 vale.

1222 3124 1290 3194 Die
1304 3126 1367 3200 20.
1383 3123 1546 3215 Augusti.
1599 3125 1858 3221 Wittebergae.

1740 3229 1928 3326 Philippus
1943 3232 2175 3313 Melanthea.

1237 3590 1304 3660 No.
1322 3591 1435 3661 5980.

1226 3685 1437 3720 Nm

1479 3774 1663 3859 Aldcrto
1676 3777 1796 3862 Daci
1810 3779 1957 3865 Prusa.

1293 3933 1330 3987 Rs
1346 3909 1513 4007 autogrspbd
1527 3902 1623 3994 editas
1636 3937 1725 3994 Fsbso
1739 3939 1767 3994 iu
1783 3943 1901 4014 epistolis
1920 3962 1948 4014 p.
1963 3946 2017 4002 136
2029 3967 2095 4023 sqq.
2111 3968 2152 4024 ep.
2163 3913 2202 4008 89.

1315 4087 1392 4187 (aa
1417 4091 1601 4216 arescat
1625 4095 1786 4193 secana
1811 4115 1888 4173 coa
1915 4103 2140 4204 orasses.)
2186 4120 2190 4131 '

1226 4218 1368 4324 (bonci
1387 4242 1486 4320 &aab
1517 4246 1608 4339 tuta
1631 4247 1729 4336 tciaea
1753 4247 1957 4342 cingcbocnea
1980 4254 2091 4346 &aba
2111 4257 2217 4348 &etna

1226 4343 1389 4434 desitum
1409 4348 1521 4436 autera
1534 4346 1673 4443 bettane
1693 4366 1810 4441 aanor.
1836 4349 2117 4448 mutateudtttiet
2139 4358 2218 4449 bod:

1227 4447 1377 4539 gebocau
1395 4447 1567 4542 gacbtgtlec
1584 4447 1677 4537 &itti
1700 4456 1764 4525 aab
1782 4453 1888 4548 berc.
1916 4456 1956 4546 d.
1974 4458 2000 4551 f.
2019 4479 2055 4550 g.
2083 4461 2218 4548 tantia

1228 4550 1628 4642 indetamentionem
1649 4551 1688 4640 aa
1708 4553 1773 4642 atto
1793 4555 1959 4648 gaetigttct
1971 4558 2033 4651 ,ttae
2060 4565 2139 4657 mitt)
2161 4562 2220 4654 [aa

2044 3607 2217 3728 Q.

175 4681 291 4757 Dum.
318 4677 568 4757 Friderica
594 4679 850 4785 Staphyla,
891 4695 1088 4762 enarranti
1108 4690 1174 4766 do-
1228 4670 1305 4743 im‘
1331 4654 1392 4743 ΜΒ
1414 4650 1454 4741 ¹3²
1476 4650 1556 4741 ”itit
1577 4654 1672 4727 “uem
1693 4655 1770 4747 midi
1789 4658 1879 4748 aura
1896 4657 2037 4752 &dimili
2055 4664 2221 4758 “imiimi

176 4786 334 4887 ctrinarn
359 4779 549 4857 Ecclesiae
570 4783 651 4857 Dei
671 4790 710 4859 in
727 4785 925 4861 Academia
948 4782 1174 4888 Reginorum

431 4894 545 4969 tana,
571 4889 690 4959 amica
704 4915 773 4963 sao
788 4895 917 4968 cariss.

1226 4753 1357 4841 [outae
1387 4749 1488 4840 baben
1520 4752 1595 4844 aad)
1629 4759 1686 4827 teu
1719 4756 1929 4850 anagetactea
1961 4759 2078 4855 berta
2102 4755 2222 4841 ibertus

1228 4853 1430 4931 anassem
1455 4854 1751 4948 aurifabrum,
1786 4860 1905 4933 sasinus
1927 4859 2097 4957 gialtigea
2117 4866 2221 4963 betta

1227 4958 1291 5027 unt
1316 4936 1465 5043 dicunt.
1490 4959 1554 5030 mit
1576 4976 1615 5048 gu
1639 4969 1698 5049 gut
1722 4959 1819 5051 auter
1842 4964 1987 5053 astarot,
2014 4965 2158 5060 roaldem
2182 4969 2220 5062 itt

173 5018 219 5106 S.
242 5034 301 5109 D.
340 5031 539 5112 Meministi
559 5040 754 5108 sententiae
772 5038 931 5111 Platonis
951 5068 1055 5138 saepe
1071 5072 1092 5118 a
1108 5074 1175 5122 no-
1228 5056 1393 5141 becttatben
1409 5057 1484 5147 aud)
1501 5058 1553 5151 fit
1565 5058 1644 5150 [ciat
1657 5061 1779 5151 illetluu
1793 5060 1891 5137 aaut
1906 5064 1986 5158 [age.

174 5125 228 5207 bis
253 5136 435 5215 recitatae,
467 5159 556 5228 qnae
580 5149 675 5206 extat
699 5140 737 5207 in
768 5142 861 5220 libro
885 5145 923 5218 4.
953 5148 997 5216 de
1020 5152 1173 5255 legibus2

172 5236 237 5311 καὶ
266 5228 349 5309 adds
374 5234 448 5308 tare
473 5232 637 5344 λέγοντα,
660 5231 701 5310 at
720 5237 862 5337 ⁸ie‘ycsst,

908 5241 960 5327 ὥς
979 5246 1082 5332 ,θεὸς
1103 5251 1174 5346 ¹uia

1331 5157 1489 5252 deducta
1510 5161 1582 5236 atet
1596 5161 1636 5234 ti.
1652 5161 1675 5255 t.
1689 5182 1721 5254 g.
1737 5162 1867 5253 suasit
1881 5167 2005 5258 mitten.
2031 5173 2098 5264 bet
2114 5170 2158 5265 id>
2172 5166 2225 5264 siti

1230 5265 1287 5363 tra
1308 5252 1389 5352 blaa
1412 5281 1475 5336 coa
1499 5263 1674 5357 &ructata
1697 5265 1772 5361 sud)
1795 5267 1853 5363 auf
1869 5268 2055 5367 titubata
2080 5275 2221 5369 gentica.
