4748 6022
129 190 206 269 eea
455 300 457 305 Ι

130 361 332 441 nassae.
393 392 400 403 ,

138 460 309 492 Μ

831 377 911 459 (fere
924 398 1026 438 mense
1036 373 1126 456 Oct.)

854 469 1123 508 κον-ιν

478 564 550 658 Gr.
577 556 800 655 Ροιιταιιο.1

197 720 403 796 Manttttamg.
429 723 1126 847 ,diisq-Apographaincod.Gotb.401.p.102

233 801 262 847 et
274 793 303 848 in
316 793 379 851 cod.
427 794 514 849 ehn.l
531 794 550 849 Ι.
569 812 596 864 p.
608 794 644 847 70
653 793 679 849 b.

389 942 618 1045 Gregorio
644 945 869 1023 Pontono.

131 1077 219 1167 Etsi
249 1089 343 1163 nihil
370 1098 456 1166 novi
486 1094 599 1190 est'¹),
631 1096 731 1195 (nam
756 1100 842 1170 urbs
865 1096 934 1171 Dei
954 1099 1123 1170 beneficio

131 1195 324 1288 tranquilla
343 1196 412 1289 est)
439 1211 556 1269 tamen
574 1225 653 1270 cum
670 1201 803 1271 diutius
819 1214 941 1272 nostra
955 1201 1125 1293 opinione

132 1301 215 1370 abes
231 1294 279 1392 ²),
308 1297 391 1367 dedi
412 1294 475 1368 has
489 1302 534 1369 ad
551 1314 585 1370 te
602 1302 739 1386 literas,
764 1315 804 1372 ut
820 1302 963 1371 interim
976 1299 1124 1371 haberes

131 1421 230 1470 meae
246 1398 450 1488 diligentiae
465 1401 653 1492 specimen.
679 1401 752 1472 Nos
765 1400 839 1472 Dei
848 1402 1016 1473 beneficio
1034 1417 1124 1473 reete

131 1503 306 1571 valemus:
342 1513 378 1569 et
390 1498 507 1570 Deum
524 1526 728 1593 precamur,
753 1518 793 1573 ut
807 1517 847 1575 tu
862 1527 1003 1598 quoque
1020 1504 1124 1573 foeli-

131 1603 270 1671 cissime
284 1596 314 1694 ³)
338 1602 472 1688 valeas,
498 1617 533 1673 et
551 1605 828 1697 quamprimum
846 1607 962 1676 salvus
977 1619 1012 1675 et
1025 1606 1125 1674 inco-

130 1703 238 1774 lumis
261 1704 407 1773 domum
424 1701 453 1800 ⁴)
481 1707 616 1775 redeas.
674 1702 774 1775 Nihil
805 1706 899 1775 enim
928 1707 1033 1775 nobis
1062 1719 1125 1776 tua

133 1804 244 1875 salute
258 1805 357 1895 prius
372 1818 433 1874 aut
447 1807 629 1899 antiquius
644 1820 706 1878 est.
757 1803 876 1898 Atque
892 1802 960 1876 hoc
979 1807 1123 1899 quidem

132 1919 292 1997 tempore
312 1905 422 1994 magis
445 1919 480 1975 te
497 1907 728 1998 requirimus:
754 1929 819 1974 nee
834 1903 862 2001 ⁸)
880 1907 1074 1976 sineremus
1091 1919 1125 1975 te

131 2031 152 2078 a
173 2008 277 2078 nobis
299 2006 421 2075 divelli
443 2007 479 2073 in
496 2001 552 2074 his
566 2006 752 2099 periculis,
779 2007 848 2075 nisi
862 2021 897 2077 te
909 2005 1125 2097 Respublica

68 2108 81 2122 “
131 2120 309 2177 avocaret:
343 2108 401 2177 cui
424 2107 593 2200 quoniam
614 2108 742 2189 servis,
772 2131 874 2199 spero
898 2107 1032 2193 Deum,
1062 2131 1125 2200 qur

130 2202 219 2277 haec
235 2226 253 2277 a
269 2220 303 2278 te
318 2208 431 2278 officia
447 2209 617 2302 requirit,
638 2209 865 2278 defensurum
878 2223 912 2279 te
928 2232 1012 2281 esse.
1065 2207 1126 2276 ld-

132 2332 202 2401 que
223 2323 264 2379 ut
281 2309 402 2393 saciat,
437 2332 517 2378 enm
539 2333 578 2378 ex
599 2309 718 2379 animo
738 2332 932 2400 precamur.
983 2301 1125 2405 †Bene

133 2424 168 2480 et
181 2410 332 2479 feliciter
344 2411 422 2480 vale
439 2423 473 2479 et
488 2410 564 2479 redi
573 2408 601 2483 ⁸⁸.

72 2818 81 2827 ’
150 2802 215 2877 Νο.
233 2800 346 2876 8589.

139 2899 352 2938 Μ

978 2817 1007 2875 1.
1023 2803 1105 2881 Nor.

955 2892 1127 2924 hm

475 3002 526 3092 V.
553 2986 789 3088 Theodoro.

204 3162 282 3218 Edita
295 3164 453 3218 aSauberto
466 3164 495 3218 ln
509 3167 624 3238 append.
638 3185 700 3238 epp.
716 3165 764 3219 lib.
778 3163 825 3219 lV.
843 3180 871 3232 p.
885 3165 928 3218 20.
962 3162 1015 3220 ffic
1031 3182 1062 3218 er
1077 3181 1128 3219 au·

239 3232 370 3304 tograpbo
386 3234 413 3286 in
428 3234 490 3290 cod.
504 3233 619 3288 Monac.
632 3234 654 3290 l.
672 3252 702 3305 p.
712 3231 774 3287 610.

136 3381 191 3459 D.
220 3380 267 3459 V
269 3386 334 3458 ito
360 3384 626 3474 Theodoro,
658 3387 810 3483 Eoong.
831 3381 974 3456 docenti
994 3389 1034 3459 in
1051 3384 1130 3460 Ec-

250 3486 361 3559 clesia
378 3486 459 3560 Dei
474 3489 513 3560 in
533 3488 675 3586 inclyto
693 3489 780 3561 urbe
792 3484 1016 3583 Noriberga.

137 3614 180 3704 S.
197 3635 243 3708 D.
277 3634 485 3737 Ἀφρήτωρ,
512 3637 726 3734 ἀθέμιστος,
753 3637 919 3723 ἀνέστιος
931 3639 1026 3714 ἔστω
1039 3641 1129 3714 ἐκεῖ·

136 3762 219 3823 νος,
246 3735 286 3821 ὃς
305 3740 468 3834 πολέμου
491 3740 618 3837 ἔραται
635 3737 842 3834 ἐπιδημίου.
894 3742 1004 3813 Plane
1020 3743 1130 3814 Sino-

136 3838 208 3909 niis
223 3843 378 3913 artificiis
394 3845 581 3915 excitatum
596 3858 648 3916 est
661 3844 765 3914 civile
780 3843 985 3914 incendium
999 3846 1038 3914 in
1052 3845 1129 3937 ripa

138 3940 260 4027 Albis,
293 3947 388 4036 quod
405 3944 502 4017 Deus
523 3969 585 4015 sua
609 3946 778 4016 immensa
800 3945 1041 4017 misericordia
1065 3946 1131 4018 ite-

137 4066 219 4112 rum
235 4046 439 4136 restinguat.

241 4141 372 4216 Schola
394 4161 538 4240 propter
557 4162 691 4218 metum
714 4145 912 4217 obsidionis
930 4149 1132 4241 dissipatur.

141 4242 255 4334 lgitur
270 4244 520 4343 Hieronymus
538 4273 613 4319 cras
630 4249 696 4318 iter
712 4246 942 4336 ingredietur.
965 4250 1034 4321 Sed
1049 4246 1133 4323 huic
1230 4294 1246 4308 ·

140 4361 265 4418 nostro
280 4351 348 4419 civi
363 4346 455 4420 banc
469 4351 553 4421 dedi
568 4349 762 4442 epistolam,
790 4362 829 4418 nt
844 4350 962 4421 literas
975 4348 1132 4424 Ulmum

139 4448 277 4534 mittas,
310 4476 397 4545 quas
422 4454 465 4521 de
487 4447 696 4525 scholastico
720 4452 875 4541 quodam
901 4453 944 4520 ad
972 4465 1132 4525 senatum

142 4547 346 4622 Ulmensem
363 4554 497 4645 scripsi,
521 4554 551 4623 si
569 4552 774 4623 tabellarios
789 4548 930 4621 Ulmam
949 4554 1134 4645 pervenire

139 4666 286 4743 propter
306 4668 418 4725 castra
440 4646 575 4726 Caroli
583 4645 681 4746 imp.
705 4678 777 4721 non
800 4653 940 4743 poterit.
996 4652 1134 4726 Literas

141 4767 212 4825 ate
227 4770 407 4848 exspecto,
433 4781 519 4851 quas
531 4758 649 4830 mittes
664 4748 870 4836 Ioaoicimo,
896 4756 972 4848 qui,
997 4755 1134 4827 edamsi

145 4917 352 4937 *-

177 5026 207 5092 1)
226 5024 295 5081 cod.
313 5027 406 5081 Mebn.
422 5029 565 5083 tacerem.

176 5109 205 5180 Ι)
221 5108 255 5163 t'.
269 5110 364 5165 Mebn.
378 5114 498 5166 obesses.

176 5190 204 5261 8)
224 5192 256 5247 C.
268 5193 362 5248 lllehn.
376 5196 540 5249 rectissime.

175 5278 202 5344 t)
221 5276 254 5331 G.
269 5276 361 5331 Mebn.
373 5283 413 5330 ad
426 5294 487 5331 nos.

173 5361 202 5427 5)
219 5358 308 5415 Codd.
321 5378 367 5414 ne.

138 5440 316 5507 thermu.
331 5440 437 5506 Oeen.
451 5438 533 5505 Vos.
547 5430 608 5504 Vl.

737 195 1181 278 EPISTOLARUM
1241 196 1351 273 LlB.
1376 198 1423 276 X.
1453 199 1585 277 1646.

2093 205 2169 283 268

1179 369 1409 461 migrabimus
1432 371 1470 441 in
1491 346 1643 441 uicinam
1660 367 1928 468 Parthenopen,
1953 375 1998 447 ad
2012 398 2069 447 me
2083 376 2169 447 mit-

1177 485 1249 541 tere
1265 473 1405 564 poterit.
1445 470 1544 541 Bene
1559 473 1647 542 vale.
1685 473 1754 544 Die
1770 477 1931 549 omnium
1946 477 2169 550 Sanctorum.

1684 570 1872 669 Philippus
1892 573 2119 648 Melanthon.

1176 905 1372 1036 Q.
2039 918 2168 988 1.N0v.

2031 1011 2168 1042 m

1585 1077 1757 1161 Eidem.

1245 1237 1348 1296 Editaa
1362 1238 1494 1295 Sanbeno
1507 1237 1535 1294 in
1550 1238 1666 1322 append.
1680 1255 1743 1309 epp.
1761 1236 1808 1291 lib.
1821 1233 1873 1291 tv.
1890 1254 1917 1309 p.
1930 1236 1975 1292 21.
2009 1236 2061 1293 liic
2074 1255 2169 1322 erger-

1279 1309 1410 1389 tograpbo
1424 1309 1610 1362 Melantbome
1620 1326 1649 1360 ιιι
1661 1305 1850 1389 cod-'Monac
1864 1306 1887 1360 l.
1924 1304 2006 1362 ‚6st
2024 1337 2066 1389 -·
2087 1307 2168 1389 limes

1279 1395 1294 1428 e
1303 1375 1757 1513 baqqodlggulplnelanglpppegpqqqroeqqq
1776 1382 1802 1428 et
1815 1374 1849 1427 de
1862 1391 1893 1429 ea
1913 1392 1956 1428 em
1969 1393 1999 1429 re
2012 1386 2121 1446 senpnt
2134 1375 2169 1429 ad

1176 1596 1231 1675 D.
1261 1596 1302 1673 V
1307 1599 1343 1671 it
1352 1626 1373 1672 o
1399 1595 1657 1681 Theodoro,
1693 1596 1836 1669 docenti
1856 1593 2106 1694 Evangeliom
2128 1597 2168 1669 in

1314 1699 1486 1773 Ecclesia
1503 1698 1581 1771 Dei
1594 1700 1633 1770 in
1650 1697 1791 1795 inclyto
1805 1695 2028 1794 Noribergo.

1175 1831 1222 1920 S.
1236 1846 1281 1917 D.
1307 1846 1430 1918 Toties
1439 1846 1536 1917 Deus
1544 1846 1958 1938 praedicitmagnasiore
1966 1847 2088 1917 urinas
2096 1846 2170 1916 Im-

1177 1951 1375 2041 periorum,
1400 1962 1565 2018 ettamen
1579 1948 1673 2017 inter
1685 1942 1748 2015 has
1762 1972 1965 2018 mansuram
1975 1945 2169 2017 Ecclesiam

1113 2106 1122 2125 .
1176 2051 1274 2121 velut
1296 2072 1424 2141 paucas
1445 2049 1568 2118 olivas.
1621 2044 1863 2135 Agnoscamus
1877 2043 1940 2117 has
1958 2049 2169 2139 praedictio-

1177 2174 1240 2220 nes
1264 2146 1332 2219 hoc
1354 2162 1531 2240 tempore,
1557 2160 1592 2218 et
1605 2148 1698 2217 inter
1711 2149 1866 2237 fragores
1882 2148 2010 2218 mundi
2023 2171 2169 2219 mansu·

1176 2276 1253 2321 ram
1270 2271 1343 2318 esse
1357 2250 1424 2320 Dei
1441 2246 1656 2332 Ecclesiam,
1687 2271 1877 2338 speremus.
1929 2246 2089 2319 Vestram
2107 2273 2169 2318 ur-

1177 2355 1276 2436 bem,
1307 2368 1428 2441 sper03
1458 2372 1555 2418 nnnc
1577 2349 1863 2440 tranquilliorem
1886 2361 1921 2417 et
1942 2372 2015 2418 esse
2032 2364 2067 2420 et
2080 2351 2168 2432 iore,

1178 2465 1363 2546 postquam
1395 2449 1567 2519 exercitus
1598 2450 1740 2538 longius
1760 2475 1780 2517 a
1803 2450 1905 2519 vobis
1925 2450 2169 2522 discesserunt.

1179 2550 1348 2624 Arbitror
1365 2563 1500 2635 autem,
1524 2541 1704 2620 Corolom
1720 2550 1765 2618 ad
1780 2545 2057 2639 Argentoratum
2072 2574 2170 2620 acce-
2244 2616 2248 2623 ,

1179 2658 1280 2737 dere,
1305 2665 1408 2746 teque
1424 2676 1500 2728 oro,
1523 2666 1563 2721 ut
1579 2651 1768 2739 diligenter
1783 2651 1888 2721 nobis
1903 2652 1977 2722 eius
1992 2652 2121 2722 itinera
2135 2664 2172 2721 et

1179 2753 1311 2848 praelia
1342 2752 1524 2843 significes.
1582 2750 1730 2821 Nostrae
1760 2752 1940 2842 regiones,
1974 2766 2015 2823 ut
2040 2766 2170 2831 metuo,

1180 2856 1278 2926 civili
1309 2855 1474 2925 incendio
1504 2853 1699 2937 ardebunt,
1728 2855 1825 2946 quod
1847 2852 1943 2925 Deus
1967 2855 2172 2942 restinguat,

1180 2958 1242 3053 qui
1256 2957 1353 3026 solus
1368 2968 1482 3048 potest
1498 2977 1564 3023 nos
1582 2976 1732 3028 servare.

1282 3052 1450 3128 Scholam
1477 3053 1870 3139 tandemdimittimus.
1931 3051 2015 3123 ldeo
2039 3049 2172 3123 Hiero-

1181 3182 1314 3255 nymus
1335 3158 1424 3228 istuc
1448 3157 1557 3239 redit,
1581 3178 1685 3248 quem
1708 3167 1748 3224 ut
1763 3155 1993 3244 complectare
2008 3168 2043 3224 et
2058 3180 2172 3240 ornes,

1180 3277 1215 3333 te
1242 3256 1424 3330 adhortor.
1480 3255 1611 3346 Spero,
1643 3279 1724 3325 eum
1744 3278 1872 3344 magno
1897 3257 1977 3325 usui
2005 3270 2040 3325 et
2065 3280 2172 3325 orna·

1180 3376 1300 3432 mento
1324 3361 1400 3428 sore
1418 3353 1596 3427 Ecclesiae
1613 3356 1690 3428 Dei.
1741 3353 1834 3424 Nam
1854 3370 1889 3426 et
1911 3357 2053 3444 ingenio
2070 3358 2173 3441 valet,

1181 3477 1216 3533 et
1243 3461 1394 3553 gravitas
1424 3482 1563 3528 morum
1590 3455 1824 3548 sanctitasque
1850 3457 1977 3525 eximia
2004 3472 2067 3530 est.
2125 3457 2174 3529 Et

1180 3577 1273 3635 recte
1288 3560 1446 3632 eruditus
1462 3573 1524 3632 est.
1569 3556 1665 3626 Bene
1682 3557 1771 3627 vale.
1811 3554 1878 3626 Die
1893 3552 2069 3628 Omnium
2083 3556 2174 3629 San-

1181 3678 1330 3736 ctorum.

1693 3752 1884 3851 Philippus
1900 3755 2126 3830 Melanthon.

1188 3973 1382 3989 ιη...-
1719 3967 1851 3979 ..ἡ

1197 4104 1264 4178 Νο.
1280 4102 1393 4173 8591.

1196 4200 1409 4236 Μ

1336 4264 1339 4269 ¹
1376 4316 1387 4353 ·.
1453 4296 1509 4380 H.
1536 4292 1900 4404 Boumgortncro.

1253 4452 1393 4579 Epistillip.
1399 4452 1484 4524 vap.
1493 4448 1591 4521 liisq.
1605 4481 1638 4492 -
1653 4446 1705 4502 llic
1717 4465 1748 4500 ex
1759 4446 1925 4518 autographo
1934 4446 2031 4507 incod.
2037 4448 2180 4510 Moneol.

1289 4540 1318 4595 p.
1381 4558 1389 4576 .

2050 4112 2083 4170 1.
2095 4100 2176 4166 Nor.
2262 4068 2267 4082 ⁸

2035 4192 2176 4221 Μ

1186 4674 1300 4749 Dom.
1334 4673 1618 4770 Hieronymo
1653 4666 2018 4765 Bomgartnero,
2060 4672 2180 4747 Seno-

1459 4774 1535 4849 tori
1559 4771 1662 4846 orbis
1687 4767 1823 4846 Norib.
1845 4780 1907 4849 etc.

1186 4905 1234 4997 S·
1259 4922 1304 4999 D.
1354 4919 1432 4993 Etsi
1467 4922 1624 4996 artificiis
1657 4915 1845 4991 hominum
1870 4934 2045 4991 certorum
2073 4927 2180 5014 plane

1189 5025 1349 5099 Sinoniis
1371 5048 1467 5093 nrrnc
1489 5024 1633 5116 quidem
1653 5021 1757 5093 civile
1776 5021 1979 5091 incendium
1996 5019 2110 5095 iubis
2126 5052 2182 5096 ro-

1190 5127 1354 5217 gionibns
1368 5125 1554 5195 excitatum
1572 5138 1641 5209 est,
1666 5125 1762 5217 quod
1777 5121 1874 5194 Deus
1888 5122 2101 5213 restinguat,
2127 5141 2181 5197 ta-

1191 5250 1272 5297 men
1295 5223 1402 5296 huius
1423 5225 1509 5294 mali
1529 5240 1663 5323 ueteres
1680 5246 1804 5294 causae
1820 5223 1952 5295 multae
1967 5239 2064 5311 sunt,
2093 5252 2181 5321 qnas

1191 5352 1293 5420 saepe
1315 5325 1515 5417 deploravi,
1545 5350 1643 5397 nunc
1659 5346 1936 5396 commemorare
1952 5346 2027 5395 non
2040 5350 2182 5400 necesse

1329 5427 1376 5501 17
