4748 6022
160 252 231 328 159
752 241 1195 323 EPISTOLARUM
1251 249 1434 327 Ltus
1487 245 1618 327 1546.
1668 258 1671 262 ’
2118 248 2194 321 160

159 451 292 496 morem
310 439 344 495 et
359 425 474 494 fidem.
524 420 603 492 Hoc
619 420 777 492 studium
798 433 839 492 ut
851 420 962 510 magis
978 432 1154 512 expeteret
1296 423 1351 495 Eo
1383 438 1501 494 antem
1533 435 1710 512 tempore,
1756 419 1838 513 quia
1869 416 2103 492 Reverendus
2136 417 2194 486 vir

160 529 233 597 illis
252 528 324 597 suis
348 525 531 596 doloribus
553 538 587 593 et
608 525 800 615 pavoribus
823 524 1045 592 movebatur.
1105 518 1154 590 Et
1198 519 1459 622 Stupicius⁸),
1491 525 1553 617 qui
1584 522 1726 592 exordia
1751 522 1962 591 Academiae
1986 519 2194 589 Witteber-

159 629 253 698 senis
276 627 458 697 cuiusdam
482 627 706 694 sermonibus
730 627 768 693 in
793 619 1154 713 AugustinianoCol-
1199 629 1314 715 gensis
1333 629 1534 710 adiuverat,
1558 626 1715 695 studium
1738 618 1973 710 theologicum
1998 622 2036 689 in
2059 621 2195 691 recenti

160 729 251 818 legio
266 723 490 819 Erphordiae
513 750 614 817 saepe
634 750 670 795 se
685 727 930 795 confirmatum
945 749 1017 793 esse
1030 747 1154 793 narra·
1200 726 1388 798 Academia
1407 728 1555 797 excitare
1569 727 1748 815 cupiebat,
1767 749 1846 795 cum
1863 721 2044 810 ingenium
2060 737 2094 791 et
2110 747 2195 791 eru-

160 833 239 909 bet,
266 830 324 898 cui
346 854 425 898 cum
446 829 745 920 consternationes
760 849 840 895 suas
856 839 1065 918 exponeret,
1091 848 1155 893 au-
1199 831 1371 900 ditionem
1379 824 1529 899 Lutberi
1544 828 1812 911 considerasset,
1828 823 1981 896 traducit
1998 846 2077 891 eum
2087 823 2208 892 Wite

157 930 252 1002 ‘dlvii
270 954 350 999 eum
373 932 416 999 de
433 929 502 998 fide
516 930 628 998 mulia
644 929 891 1012 disserentem,
917 951 1024 1021 seque
1040 928 1156 996 dedu·
1201 934 1377 1021 tebergam
1401 955 1495 1001 anno
1517 930 1646 1011 1508„
1672 953 1752 997 cum
1773 927 1843 997 iam
1858 939 1975 1015 ageret
1988 947 2122 994 annum
2139 925 2196 993 vi.

162 1046 259 1104 ctum
278 1031 393 1100 aiebat
410 1032 455 1099 ad
471 1031 685 1124 symbolum,
703 1031 741 1097 in
760 1054 830 1123 quo
847 1025 1028 1125 dicitur⁸):
1052 1028 1155 1098 credo
1202 1034 1368 1103 cesimum
1384 1049 1531 1104 sextum.
1590 1029 1659 1100 Hic
1682 1029 1777 1099 inter
1800 1027 2009 1123 quotidiana
2031 1025 2195 1096 exercitia

163 1132 407 1204 remissionem
422 1145 655 1223 peccatorum.
707 1128 813 1201 Hunc
827 1130 1014 1202 articulum
1032 1129 1081 1198 sic
1097 1128 1157 1197 ille
1202 1131 1340 1204 scholae
1356 1149 1390 1203 ct
1405 1133 1636 1215 concionum,
1661 1130 1772 1220 magis
1788 1132 1892 1200 etiam
1909 1129 2027 1197 lucere
2044 1127 2118 1195 eius
2136 1127 2193 1195 in-

162 1235 413 1325 interpretatus
436 1245 528 1315 erat,
562 1256 638 1302 non
659 1232 774 1302 solum
797 1233 835 1300 in
859 1254 985 1322 genere
1009 1233 1157 1302 creden·
1203 1237 1344 1325 genium
1369 1235 1493 1326 coepit⁴
1551 1232 1712 1324 Cumque
1735 1256 1814 1301 eum
1836 1243 1967 1299 attente
1984 1222 2217 1319 audirent⁹).

165 1339 252 1405 dnm
274 1359 363 1416 esse,
383 1333 562 1427 aliquibus
587 1333 737 1413 remitti,
763 1346 803 1403 ut
828 1348 861 1403 et
876 1335 1066 1402 daemones
1081 1355 1158 1401 cre·
1203 1338 1273 1406 viri
1293 1337 1488 1429 sapientes,
1524 1332 1659 1405 Doctor
1679 1326 1879 1400 Martinus
1904 1322 2195 1398 Mellcrstadius

165 1440 275 1520 dunt,
308 1432 439 1504 Devidi
461 1447 523 1504 ³1¹1
544 1432 650 1504 Ρθῑΐθ
673 1435 826 1514 remitti,
860 1437 920 1503 sed
952 1436 1158 1502 mandalum
1204 1453 1238 1510 ct
1261 1440 1342 1523 alii,
1367 1462 1469 1529 saepe
1491 1436 1581 1505 dixit
1595 1432 1877 1516 Mellerstadius,
1903 1426 2099 1522 tantam¹⁰)
2120 1453 2195 1498 esse

165 1535 233 1608 Dei
246 1559 339 1617 esse,
366 1549 405 1606 ut
422 1535 552 1625 singuli
571 1530 733 1604 homines
749 1535 853 1605 nobis
869 1535 1001 1605 remitti
1021 1547 1158 1627 peccata
1205 1542 1276 1610 vim
1294 1540 1427 1631 ingenii
1444 1538 1483 1606 in
1503 1532 1570 1606 hoc
1585 1536 1682 1620 viro,
1707 1548 1748 1605 ut
1763 1535 1868 1627 plane
1880 1534 2094 1624 praesagiret
2116 1555 2196 1601 mn.

166 1639 359 1711 credamus.
405 1634 456 1707 Et
469 1630 562 1704 hanc
576 1636 903 1728 interpretationem
919 1639 1158 1707 confirmatam
1204 1657 1360 1713 tamtum
1383 1663 1455 1709 esse
1477 1640 1619 1727 vulgare
1643 1635 1823 1705 doctrinae
1842 1657 1969 1725 genus,
1995 1633 2091 1726 quod
2109 1645 2194 1706 tunc

166 1741 306 1810 dicebat
320 1737 493 1806 Bernardi
515 1739 628 1817 dicto,
655 1751 959 1830 monstratumque
984 1738 1100 1807 locum
1122 1738 1158 1804 in
1206 1745 1244 1811 in
1259 1739 1399 1815 scholio
1414 1742 1560 1811 unicum
1574 1740 1789 1811 tradebatur.

167 1842 337 1911 concione
351 1842 394 1908 de
409 1833 717 1919 Annunciatione,
742 1841 807 1908 ubi
830 1835 914 1908 hacc
936 1857 1018 1908 sunt
1037 1840 1160 1908 verba:
1305 1842 1375 1912 Hic
1395 1843 1550 1933 primum
1565 1837 1781 1909 Dialecticen
1797 1851 1832 1908 et
1846 1829 2019 1929 Physicen
2037 1830 2197 1903 Aritote-

169 1944 230 2010 aed
247 1942 355 2023 adde,
380 1953 419 2008 ut
442 1941 563 2008 credas
587 1952 622 2009 et
641 1933 725 2022 hoc,
752 1942 846 2032 quod
871 1963 936 2034 per
950 1941 1065 2031 ipsum
1082 1963 1162 2031 pec·
1206 1946 1251 2014 lis
1272 1943 1462 2016 enarravit,
1513 1940 1651 2011 lnterea
1671 1953 1788 2009 tamen
1809 1960 1912 2008 suum
1932 1935 2021 2005 illud
2036 1936 2196 2004 studium

169 2056 245 2113 cata
263 2038 365 2109 TlBl
380 2042 570 2113 donantur.
622 2036 701 2109 Hoc
718 2053 770 2110 est
785 2040 1160 2133 testimonium,quod
1206 2047 1347 2135 legendi
1381 2045 1509 2134 scripta
1539 2039 1736 2130 theologica
1769 2064 1844 2108 non
1875 2037 2052 2109 omittens.
2108 2033 2196 2104 Post
2230 2070 2232 2075 ·

57 2170 61 2177 ·
168 2138 333 2237 perhibet
358 2139 514 2232 Spiritus
537 2152 679 2210 sanctus
704 2141 743 2208 in
769 2143 875 2211 corde
908 2154 990 2227 tuo,
1025 2142 1162 2210 dicens:
1207 2147 1401 2218 triennium
1417 2142 1571 2215 Romam
1587 2144 1762 2233 profectus
1779 2131 2198 2232 propterMonochorum

170 2245 312 2315 dimissa
335 2255 419 2312 sunt
439 2241 506 2311 libi
532 2254 671 2332 peecata
693 2255 764 2313 tua·
816 2240 876 2312 Sic
894 2242 989 2310 enim
1012 2242 1164 2312 arbitra·
1207 2246 1481 2330 controversias,
1512 2269 1593 2313 cum
1619 2246 1742 2314 eodem
1775 2265 1871 2311 anno
1905 2261 2067 2308 reversus
2098 2249 2198 2322 esset,

168 2360 228 2417 tur
237 2341 439 2437 Apostolus,
452 2342 559 2433 graiis
574 2336 755 2411 iustificari
771 2336 953 2412 hominem
965 2366 1029 2435 pet
1044 2344 1161 2414 fidem·
1206 2350 1337 2421 usitato
1357 2371 1455 2417 more
1471 2340 1702 2425 Scholarum,
1726 2341 1825 2412 Duce
1846 2340 2019 2412 Saxoniae
2034 2336 2197 2409 Electore

375 2443 380 2448 ¹
1208 2445 1252 2520 F
1248 2444 1401 2520 riderico
1416 2447 1611 2540 praebente
1636 2457 1814 2536 sumptus,
1849 2457 1994 2513 ornatus
2015 2454 2065 2510 est
2084 2440 2197 2528 gradu

270 2539 347 2609 Hac
362 2562 398 2609 ὅθ
414 2564 498 2610 *⁰⁰⁸
513 2564 586 2611 ¹¹⁰ss
609 2540 725 2611 solum
741 2542 987 2612 confirmatum
1002 2564 1074 2612 ⁰⁸⁸⁹·
1089 2538 1165 2610 1⁴1¹·
1208 2556 1416 2634 doctorum,
1448 2561 1489 2618 ut
1510 2549 1637 2618 usitate
1657 2547 1850 2640 loquimur.
1905 2541 2076 2613 Audierat
2099 2540 2198 2628 enirn

170 2637 294 2712 therus
309 2640 467 2723 dicebat,
492 2644 553 2711 sed
574 2646 887 2714 commonefactum
910 2645 1014 2714 etiam
1030 2644 1074 2712 de
1091 2655 1164 2711 tota
1210 2654 1498 2734 concionantem,
1521 2662 1555 2719 et
1576 2650 1648 2717 vim
1668 2647 1802 2737 ingenii
1823 2660 1857 2716 et
1876 2666 2003 2713 nervos
2018 2641 2200 2725 orationis,

173 2742 276 2811 Pauli
306 2742 496 2828 sententia,
527 2745 588 2836 qui
620 2745 723 2813 toties
748 2746 901 2815 inculcat
922 2740 990 2814 hoc
1014 2745 1163 2813 dictum:
1209 2781 1249 2825 nc
1265 2778 1383 2824 rernm
1408 2751 1602 2821 bonitatem
1629 2749 1865 2840 expositarum
1899 2745 1937 2812 in
1960 2743 2202 2824 concionibus,

170 2845 241 2913 fide
264 2844 505 2917 iustificamur.
554 2842 695 2938 Dequo
719 2869 800 2915 cum
817 2844 1166 2934 multorumexposi-
1209 2856 1402 2927 admiratus
1418 2853 1543 2922 luerat.
1592 2846 1641 2919 Et
1655 2862 1696 2920 ut
1710 2851 1862 2941 quadam
1879 2835 1981 2940 buasi
1998 2842 2199 2914 maturitate

172 2945 287 3014 5⁰¹¹&
312 2945 468 3032 legisset,
501 2959 587 3016 2⁰⁰⁰
614 2959 648 3015 θῑ
677 2971 718 3015 θΧ
750 2941 858 3016 huillss
884 2946 1106 3017 Serm⁰ssib11⁸
1132 2956 1167 3014 θῑ
1210 2956 1334 3028 iudicii
1365 2954 1486 3022 videas
1517 2952 1665 3042 gradum
1699 2951 1732 3019 ei
1762 2940 1957 3020 Doctorum
1992 2946 2199 3017 attributum

174 3069 256 3115 snae
279 3045 407 3114 mentis
428 3042 716 3139 consolatione⁰)
743 3047 1033 3121 animadvertisse
1054 3047 1166 3114 inter·
1211 3079 1304 3142 esse,
1329 3057 1417 3126 scias
1437 3053 1545 3124 fnisse
1568 3077 1648 3122 enm
1667 3075 1801 3123 nnnnm
1826 3051 1949 3122 nenti,
1965 3044 2113 3119 Lnrlnni
2136 3044 2202 3114 tri.

174 3146 434 3240 pretationum,
461 3171 550 3239 quae
573 3160 658 3217 tunc
682 3148 721 3216 in
744 3149 908 3219 manibus
925 3162 1042 3232 crant,
1064 3146 1167 3217 vani·
1212 3159 1391 3231 cesimum,
1449 3154 1529 3246 lpse
1562 3156 1746 3240 narrabat,
1778 3153 1846 3222 sibi
1879 3152 2071 3221 admodum
2099 3148 2160 3216 def
2181 3187 2201 3202 .

174 3262 293 3319 racem.
345 3246 520 3319 Paulatim
546 3249 677 3337 legenti
711 3264 746 3320 ec
778 3250 974 3320 conserenti
1007 3251 1098 3319 dicta
1134 3261 1167 3317 et
1212 3260 1323 3351 giemi
1336 3273 1371 3330 et
1385 3257 1560 3328 recusanti
1576 3258 1782 3326 mandatum
1798 3278 1870 3322 osse
1891 3246 2138 3344 aStaopicio,
2163 3258 2202 3317 ut

175 3349 332 3439 exempla
357 3347 394 3416 in
420 3344 606 3439 Prophetis
627 3362 662 3420 et
680 3343 862 3441 Apostolis
883 3352 1046 3435 recitata,
1075 3349 1168 3419 etin
1209 3357 1280 3432 hnc
1302 3363 1414 3451 gradu
1438 3359 1561 3429 ornari
1584 3357 1788 3435 incineret,
1813 3352 1978 3444 Eumque
2000 3375 2064 3441 per
2083 3351 2202 3418 iocum

177 3449 382 3543 quotidiana
402 3450 626 3519 invocatione
640 3451 806 3521 excitanti
828 3454 953 3537 fidem,
975 3453 1056 3543 plus
1079 3453 1168 3521 lucis
1214 3464 1360 3543 dixisse,
1384 3461 1538 3531 multum
1560 3458 1787 3546 negociorum
1804 3452 1879 3523 Deo
1905 3453 1974 3520 iarn
1992 3452 2031 3517 in
2044 3447 2204 3517 Ecclesia

179 3549 330 3621 accessit.
383 3548 537 3618 'luncet
554 3545 758 3641 Augustini
775 3553 887 3622 libros
907 3553 1022 3642 legere
1044 3551 1169 3644 coepit,
1213 3567 1289 3634 sone
1297 3616 1308 3649 ,
1332 3564 1376 3633 nd
1395 3585 1483 3654 qnae
1498 3559 1607 3650 ipsios
1620 3579 1748 3626 usurus
1763 3566 1852 3622 esset
1863 3574 1980 3642 opera.
2023 3547 2092 3618 Cui
2107 3548 2201 3631 voci,

180 3650 244 3721 ubi
269 3664 302 3719 et
322 3651 360 3718 in
375 3648 595 3720 Psalmorum
620 3651 863 3739 enarratione,
888 3668 922 3726 et
947 3654 985 3720 in
1009 3653 1102 3724 libro
1125 3655 1168 3722 de
1215 3665 1280 3735 eni
1303 3664 1381 3734 1000
1405 3675 1490 3731 nnnc
1508 3657 1632 3727 emissa
1655 3669 1726 3740 nn,
1751 3667 1870 3724 nmen
1892 3662 2036 3721 eventus
2052 3671 2202 3738 respon.

179 3751 307 3843 spiritu
330 3765 365 3821 et
386 3751 505 3834 litera,
527 3751 657 3821 multas
679 3753 879 3844 perspicuas
900 3755 1091 3826 sententias
1113 3778 1169 3823 re·
1215 3767 1284 3850 dir,
1310 3777 1351 3834 nt
1365 3762 1475 3832 multa
1487 3757 1699 3851 praecedunt
1713 3755 1928 3826 mutationes
1943 3748 2131 3842 praesagia.

179 3853 291 3946 perit,
321 3876 411 3945 quae
432 3853 688 3923 confirmabant
713 3849 803 3924 hanc
823 3857 866 3924 de
888 3856 957 3924 fide
970 3856 1168 3924 doctrinam
1315 3863 1440 3934 Postea
1461 3882 1623 3930 enni-rnre
1646 3856 1831 3950 epistolam
1853 3856 1898 3924 nd
1919 3851 2102 3924 Romanos
2122 3873 2204 3918 ωε.

178 3970 214 4024 θὶ
240 3955 534 4038 ⁰⁰ss⁸⁰l³fi⁰¹1²¹¹h
559 3978 647 4046 quae
669 3955 709 4036 ln
731 3955 841 4047 ipsius
866 3970 1007 4048 pectore
1027 3978 1170 4025 accensa
1215 3967 1286 4059 pit,
1309 3964 1437 4034 deinde
1453 3960 1622 4033 Psalmos.
1678 3958 1776 4028 Haec
1789 3958 1918 4048 scripta
1936 3954 1984 4022 sic
2004 3951 2205 4036 illustravit,

183 4070 268 4128 erat.
307 4053 381 4124 Nec
398 4068 513 4124 tamen
532 4078 674 4144 prorsus
689 4054 1170 4151 relinquit⁷)Seutentiarios.
1216 4082 1256 4139 nt
1278 4081 1357 4158 pon
1378 4064 1567 4152 longnmer
1583 4062 1768 4132 obocnnnn
1786 4072 1925 4129 noctem
1944 4079 2056 4124 novae
2071 4053 2205 4123 doctri.

182 4155 387 4227 Gabrielem
412 4169 448 4225 et
458 4153 744 4226 Cameracensem
768 4182 857 4249 pene
873 4160 917 4228 ad
933 4161 1079 4228 verbum
1095 4182 1170 4226 me·
1215 4165 1336 4267 naeu)
1354 4160 1894 4248 tnnnfinivinernnr‚0mninm
1910 4157 2049 4247 piorum
2066 4141 2101 4225 ei
2116 4177 2202 4245 pm.
2237 4162 2241 4169 ’

182 4259 329 4330 moriter
357 4257 504 4327 recitare
532 4269 678 4347 poterat.
738 4257 811 4329 Diu
841 4261 1065 4354 multumque
1087 4259 1171 4349 legit
1216 4273 1363 4343 dentum
1387 4267 1531 4340 indicio,
1580 4263 1650 4334 Hic
1671 4260 1880 4333 monstravit
1903 4257 2005 4347 Legis
2027 4271 2062 4327 et
2083 4251 2205 4325 Evan-

184 4360 311 4450 ‘Uillia
338 4355 489 4443 Oetam,
521 4355 639 4428 H⁰l¹¹⁸
663 4380 812 4428 acumen
835 4362 1050 4431 anteferebat
1071 4357 1172 4430 Tho·
1217 4352 1532 4462 geliidiscrimen,
1562 4361 1620 4435 hic
1641 4362 1808 4435 refutavit
1829 4383 2005 4442 errorem,
2036 4356 2097 4450 qui
2118 4368 2231 4427 tunc.

182 4483 260 4527 mae
282 4474 316 4529 et
339 4457 456 4529 Scoto.
512 4456 710 4547 Diligenter
739 4473 775 4530 et
797 4458 994 4531 Gereonem
1028 4463 1171 4550 legerat.
1218 4474 1257 4541 in
1273 4468 1403 4542 scholis
1425 4484 1459 4541 et
1483 4465 1712 4537 concionibus
1727 4463 1910 4552 regnabat,
1935 4461 1995 4552 qui
2014 4461 2116 4527 docet
2130 4475 2206 4525 me·

183 4557 850 4649 Sed⁰¹¹¹¹¹l³A1¹8U⁸llsslffl0¹¹¹1messt³
875 4563 1171 4653 eltaepelegffll
1218 4575 1290 4644 reri
1328 4568 1491 4642 homines
1528 4565 1770 4636 remissionem
1800 4577 2022 4655 peccatorum
2051 4555 2208 4648 propriis

183 4675 218 4732 et
242 4660 373 4751 optime
404 4662 622 4735 meminerat.
679 4661 759 4732 Hoc
781 4663 990 4735 acerrimum
1016 4664 1172 4734 studium
1218 4674 1403 4768 operibus,
1429 4683 1463 4740 et
1479 4664 1641 4737 homines
1658 4689 1775 4736 coram
1791 4662 1867 4734 Deo
1882 4664 1993 4733 iustos
2010 4657 2207 4729 essedisci·

184 4756 367 4831 inchoavit
380 4755 620 4851 Erphordiae,
639 4763 678 4832 in
695 4765 794 4843 cuius
812 4764 912 4835 urbis
928 4765 1075 4854 collegio
1095 4765 1172 4838 Au·
1219 4777 1335 4870 plina,
1363 4784 1404 4842 nt
1419 4765 1601 4840 Pharisaei
1624 4770 1833 4840 docuerunt.
1883 4761 2079 4835 Revocavit
2098 4758 2208 4849 igitur

66 4893 71 4902 ·
183 4862 387 4954 gustiniano
405 4874 638 4935 commoratus
657 4880 707 4936 est
723 4890 835 4938 annos
852 4880 1014 4961 quatuor.
1219 4867 1609 4949 Lnnhenns.h0minnm
1630 4884 1766 4941 menter
1790 4869 1834 4938 ad
1851 4866 1963 4937 filium
1977 4862 2063 4948 Dei,
2089 4874 2142 4944 ct,
2168 4871 2209 4929 ut

189 5075 394 5096 m

1255 5136 1282 5205 8)
1302 5133 1383 5190 Decl.
1397 5134 1562 5202 Staupr'ca'ut.

217 5205 247 5274 6)
267 5206 379 5270 dabitur]
396 5201 475 5258 Decl.
493 5206 602 5270 legitur.
1178 5251 1185 5259 .
1255 5224 1285 5288 9)
1300 5221 1379 5276 Deci,
1393 5224 1555 5274 audierant.

218 5309 247 5376 ⁶)
268 5308 343 5362 ⁰²²¹·
363 5307 592 5365 c‘’m‘’l‘¹¹⁸'⁰'⁸‘m·
1256 5310 1300 5375 10)
1319 5313 1445 5374 tantam]
1464 5304 1542 5359 Deci.
1560 5313 1659 5357 totam.

217 5408 244 5476 i)
264 5403 344 5464 Decl-
363 5404 485 5474 retinuit.
1047 5447 1050 5459 ,
1256 5397 1299 5464 ll)
1317 5393 1463 5448 decertem
1481 5385 1561 5445 nect.
1580 5406 1636 5442 non
1655 5385 1763 5441 habent.
