4748 6022
248 160 322 231 227
605 250 609 255 ⁵
841 143 1274 223 EPISTOLARUM
1325 147 1431 226 LIB.
1457 147 1504 226 X.
1557 147 1688 226 1646.
1879 189 1885 194 ·
2168 139 2172 145 ¹
2201 151 2282 224 228

250 345 322 400 tem
355 328 523 398 adversus
553 323 698 395 heredes
730 344 872 414 rapaces
896 333 958 392 aut
982 320 1240 405 fraudulentos,
1286 321 1332 391 do
1350 322 1495 414 politico
1511 322 1655 405 ordine,
1680 343 1777 391 nnnc
1792 321 1835 390 de
1851 321 1895 389 iis
1907 333 2044 391 tantum
2061 318 2189 405 dicam,
2214 323 2281 417 qui

252 430 315 524 qni
340 430 396 499 vel
420 429 480 512 vi,
506 428 563 496 vel
583 426 729 507 fraude,
755 437 886 494 ceteros
909 419 1056 491 heredes
1081 436 1242 493 excutere
1286 423 1535 515 superstitione
1556 423 1709 517 quadam
1733 435 1948 508 asseverant,
1973 435 2097 492 contra
2112 418 2281 513 Evange-

253 543 474 603 conarentnr.
531 526 622 599 Cum
647 525 755 613 igitur
775 525 955 595 actionum
980 524 1243 595 constituenda·
1287 525 1375 595 lium
1392 527 1505 594 facere
1522 547 1592 604 eos,
1618 525 1681 618 qui
1694 537 1756 594 aut
1770 547 1826 592 res
1843 547 1932 609 suas,
1958 538 2019 594 aut
2034 523 2283 595 defensionem

253 657 334 703 rum
349 646 383 700 et
399 629 711 698 discernendarum
727 627 912 696 necessitas
927 627 966 694 in
983 638 1172 717 conspectu
1187 625 1244 709 sit,
1288 626 1327 694 in
1348 626 1490 696 iudiciis
1508 638 1643 717 petunt.
1692 623 1801 695 Hunc
1816 648 1970 695 errorem
1986 623 2080 694 vitae
2094 629 2282 697 oommnni

255 757 328 802 non
346 732 461 799 solum
478 730 628 798 amanda
647 740 697 797 est
713 728 892 812 doctrina,
919 751 1008 819 quae
1025 730 1069 795 de
1086 727 1135 795 eis
1151 751 1171 795 a
1189 749 1244 793 sa·
1287 727 1525 819 pemiciosnm
1538 751 1621 813 esse,
1643 750 1747 795 nemo
1765 751 1841 796 non
1855 727 1963 798 videt.
1997 723 2066 796 Sed
2081 721 2148 796 hoc
2159 729 2281 800 multo

254 831 481 924 pientissimis
496 826 701 898 hominibus
720 830 848 899 tradita
865 841 933 912 est,
958 829 1139 898 sedetiam
1157 823 1244 896 Phi·
1288 830 1440 900 atrocius
1455 842 1524 909 est,
1549 829 1645 920 qnod
1661 828 1766 897 etiam
1780 831 1948 898 adversus
1961 824 2077 896 Deum
2093 834 2281 900 contume-

256 928 417 1023 losophia
447 932 486 999 in
514 931 803 1022 eissquaerenda.
860 927 1070 1000 Cum-enim
1091 929 1245 998 actiones
1289 931 1399 999 liosns
1414 941 1476 1002 est.
1528 928 1618 998 Nam
1634 926 1886 1018 Evangelium‚
1913 930 2009 1022 quod
2028 941 2204 998 aeternam
2220 931 2282 1002 iu-

258 1035 444 1125 praecipne
468 1032 539 1100 sint
557 1031 649 1101 vitae
666 1031 845 1113 rectrices,
871 1053 1009 1099 neccsse
1026 1044 1078 1100 est
1093 1053 1149 1099 eas
1163 1052 1246 1120 par·
1290 1033 1420 1102 stitiam
1443 1031 1577 1115 adfert,
1602 1032 1680 1101 vult
1700 1054 1765 1099 nos
1787 1031 1930 1100 interim
1944 1025 1975 1122 ²)
2000 1028 2039 1096 in
2061 1024 2128 1099 hac
2151 1032 2224 1100 vita
2240 1032 2281 1101 in

257 1137 323 1205 tim
338 1158 379 1202 ex
395 1134 572 1221 decalogo,
596 1131 725 1221 partim
741 1155 782 1199 ex
798 1132 877 1200 lnce
891 1143 1047 1216 naturae,
1074 1155 1163 1224 quae
1184 1132 1247 1198 de·
1289 1132 1432 1225 politica
1451 1132 1614 1201 socictate
1631 1133 1768 1217 vivere,
1792 1133 1977 1201 ostendere
1992 1130 2194 1201 testimonia
2212 1156 2282 1203 no-

259 1237 420 1322 calognm
443 1233 610 1322 explicat,
637 1245 737 1302 natas
759 1255 842 1304 esse.
894 1230 971 1300 Hos
992 1235 1107 1302 fontes
1130 1245 1182 1316 et,
1207 1245 1247 1301 ut
1290 1248 1381 1303 strae
1410 1233 1662 1318 invocationis,
1702 1247 1736 1303 et
1766 1256 1924 1303 exercere
1947 1231 2063 1301 officia
2085 1235 2281 1303 multarum

257 1337 307 1405 ita
322 1336 458 1419 dicam,
484 1332 798 1402 demonstrationes
813 1333 1033 1402 considerare
1051 1347 1143 1403 certe
1159 1328 1248 1400 Phi·
1291 1337 1479 1404 virtutum:
1512 1359 1552 1403 ac
1575 1359 1650 1404 non
1671 1335 1788 1404 solum
1810 1358 1883 1402 non
1900 1334 2036 1417 abolet,
2060 1357 2125 1402 nec
2144 1336 2283 1426 impro-

258 1430 421 1527 losophia
450 1448 500 1503 cst
527 1457 602 1502 non
631 1434 788 1502 insuavis
813 1435 917 1503 bonis
938 1436 1099 1523 ingeniis.
1155 1430 1256 1503 Cum.
1291 1439 1352 1507 bat
1372 1437 1486 1505 civilis
1507 1435 1600 1504 vitae
1624 1437 1774 1525 gradus,
1809 1437 1869 1504 sed
1894 1435 2007 1503 multo
2030 1435 2141 1524 magis
2162 1450 2281 1521 ornat,

258 1551 375 1607 autem
405 1531 470 1604 hos
496 1537 610 1604 fontes
632 1535 910 1623 adspexerimus‚
942 1549 1019 1605 tum
1044 1530 1128 1603 ve'ro
1150 1534 1249 1603 iuvat
1292 1562 1398 1630 quam
1412 1538 1484 1606 ulla
1502 1532 1658 1605 humana
1675 1537 1847 1627 sapientia
1863 1559 1989 1604 ornare
2003 1548 2150 1626 poterat.
2202 1532 2283 1608 Ad-

260 1638 418 1707 conscrre
443 1636 583 1727 politias
598 1648 633 1705 ct
648 1636 786 1721 videre,
813 1639 876 1706 ubi
892 1637 1027 1708 diutius
1041 1636 1247 1726 disciplinae
1293 1642 1407 1710 firmat
1426 1639 1542 1717 enim,
1568 1637 1635 1708 Dei
1653 1639 1863 1708 beneficium
1886 1659 1960 1705 esse
1981 1637 2165 1725 politicum
2180 1638 2283 1708 ordi-

260 1739 426 1810 scveritas
444 1736 634 1833 manserit.
695 1732 812 1806 Attica
842 1739 965 1808 civitas
996 1738 1099 1807 initio
1130 1758 1248 1804 severe
1293 1764 1385 1811 nem.
1444 1735 1492 1808 Et
1514 1763 1728 1833 quamquam
1750 1740 1904 1809 existunt
1927 1738 2058 1807 multae
2081 1733 2284 1808 horrendae

260 1839 403 1930 punivit
424 1840 615 1929 impiorum
637 1839 790 1923 furores,
821 1840 882 1930 qni
905 1839 1165 1931 providentiam
1185 1861 1249 1905 nc·
1293 1840 1516 1911 confusiones
1538 1841 1784 1929 imperiorum,
1814 1863 1899 1930 quas
1922 1839 1979 1906 vel
2001 1838 2181 1925 diabolus,
2216 1839 2281 1933 qui

261 1941 409 2029 gabant,
433 1939 602 2008 libidines
620 1940 726 2008 ctiam
744 1940 845 2008 iustis
859 1942 1040 2032 suppliciis
1055 1934 1248 2008 cohercuit:
1295 1954 1346 2010 est
1360 1935 1650 2033 ἔπιχαιρεκακὸς,
1683 1941 1765 2009 odio
1781 1937 1848 2008 Dei
1864 1952 1899 2008 et
1914 1935 2107 2023 Ecclesiae,
2132 1940 2190 2008 vel
2207 1936 2280 2010 hu-

260 2053 397 2130 postea‚
430 2041 544 2108 laxata
568 2039 775 2131 disciplina,
809 2055 941 2132 quanta
966 2042 1035 2111 suit
1054 2039 1249 2130 petulantia
1294 2067 1399 2112 mana
1415 2042 1637 2110 imbecillitas
1652 2041 1808 2111 excitatt'
1826 2054 1962 2122 tamen,
1984 2063 2028 2107 nc
2045 2062 2187 2130 prorsus
2204 2040 2280 2109 dis-

261 2143 448 2211 doctorum
474 2153 508 2208 et
530 2141 756 2211 indoctorum
779 2144 818 2209 in
842 2144 1035 2212 deridenda
1057 2140 1250 2232 providen·
1295 2144 1428 2234 sipctur
1441 2138 1596 2210 humana
1611 2143 1774 2222 societas,
1800 2142 1895 2209 solus
1911 2137 2007 2210 Deus
2022 2140 2144 2224 efficit,
2172 2143 2235 2234 qui
2249 2139 2280 2236 ³)

262 2242 335 2312 tia?
369 2257 500 2334 quanta
529 2241 568 2309 in
595 2243 754 2312 moribus
783 2245 1020 2334 plurimorum
1044 2240 1252 2333 turpitudo?
1295 2245 1413 2335 aliqua
1442 2256 1555 2312 servat
1580 2257 1614 2313 et
1638 2243 1792 2311 servabit
1813 2238 1988 2310 Ecclesiae
2012 2264 2095 2310 suae
2114 2237 2283 2333 hospitia,

261 2339 352 2412 Cum
369 2355 486 2411 autem
498 2355 631 2410 veteres
647 2343 798 2431 politias,
824 2346 927 2433 leges,
952 2347 1069 2433 legum
1089 2367 1129 2411 ac
1144 2342 1251 2409 disci·
1295 2368 1383 2437 quae
1404 2344 1539 2432 legibus
1562 2359 1596 2414 et
1616 2344 1693 2413 iure
1709 2342 1906 2412 consociata
1921 2342 2096 2427 defendit,
2122 2367 2162 2412 ac
2180 2368 2282 2434 prae-
2321 2382 2324 2387 ·

261 2443 382 2533 plinae
409 2442 712 2525 labefactationcs,
745 2444 878 2513 excidia
903 2446 1048 2514 urbium
1071 2459 1106 2514 et
1128 2443 1251 2513 ruinas
1296 2446 1398 2537 cipit,
1424 2458 1464 2514 nt
1484 2469 1550 2514 nos
1566 2446 1671 2514 nidos
1684 2465 1861 2527 amemus,
1887 2455 1920 2512 et
1933 2443 2068 2529 legibus
2083 2466 2124 2512 ao
2140 2444 2283 2514 indiciis

158 2541 201 2596 ⁹·
262 2543 493 2633 imperiorum
522 2543 804 2627 consideramus,
840 2547 1024 2615 manifesta
1050 2544 1250 2616 testimonia
1296 2559 1507 2625 reverenter,
1533 2561 1701 2639 tanquam
1721 2544 1863 2614 divinae
1879 2543 1968 2624 voci,
1994 2558 2189 2634 pareamus,
2216 2568 2283 2613 nec
2355 2559 2356 2562 ’

263 2646 479 2734 praesentiae
500 2642 567 2713 Dei
596 2644 635 2711 in
659 2639 725 2711 hac
746 2644 838 2714 vitae
861 2648 1115 2735 gubernatione
1137 2647 1252 2714 cerni·
1297 2648 1459 2718 ordinem
1491 2648 1582 2717 vitae
1615 2647 1745 2716 nostris
1771 2645 2040 2736 cupiditatibus,
2073 2658 2135 2714 aut
2159 2659 2283 2716 nostra

264 2767 353 2816 mus.
411 2743 492 2813 Non
521 2767 621 2828 casn,
650 2757 713 2814 aut
735 2759 872 2815 tantum
898 2763 1041 2839 propter
1063 2770 1251 2837 corporum
1296 2742 1639 2847 πολυπραγμοσύνῃ
1663 2747 1925 2818 conturbemus.
1975 2742 2046 2815 Sed
2065 2747 2108 2814 de
2126 2742 2191 2816 hac
2206 2759 2283 2816 tota
2336 2753 2338 2755 ’

263 2844 503 2915 necessitatem
515 2846 685 2915 confluxit
700 2841 885 2915 hominum
897 2850 1103 2934 multitudo,
1118 2873 1182 2916 nec
1195 2872 1252 2915 ca·
1297 2851 1502 2943 quaestione
1528 2874 1629 2940 saepe
1652 2850 1738 2919 alias
1760 2872 1780 2916 a
1804 2848 1909 2917 nobis
1926 2847 2144 2929 dictumest,
2170 2861 2204 2917 et
2222 2871 2282 2916 cx-

265 2969 307 3014 su
321 2947 466 3016 societas
482 2946 595 3014 civilis
611 2948 733 3016 durat:
758 2950 818 3016 sed
836 2946 933 3019 Deus
952 2964 986 3019 ct
1002 2963 1119 3019 coetus
1135 2944 1252 3016 homi·
1296 2953 1439 3042 plicatio
1466 2976 1508 3019 ex
1536 2952 1629 3020 veris
1658 2963 1692 3020 et
1712 2950 1824 3019 firmis
1845 2949 2084 3019 fundamentis
2109 2961 2283 3018 exstructa

264 3071 352 3116 num
371 3047 601 3130 consociavit,
626 3062 659 3118 ct
678 3062 793 3117 custos
808 3063 858 3119 est
873 3051 983 3119 iustae
1000 3050 1193 3133 societatis,
1219 3063 1253 3119 et
1297 3067 1358 3137 est,
1382 3075 1490 3145 quam
1509 3054 1652 3145 quidem
1668 3053 1772 3121 bonis
1789 3064 1822 3120 et
1833 3053 1998 3143 prodesse
2015 3064 2050 3119 et
2061 3051 2284 3142 profuturam

266 3148 424 3217 civitates
439 3172 478 3217 ac
494 3148 654 3239 imperia,
680 3174 760 3219 cum
777 3151 984 3242 disciplinae
1000 3153 1151 3223 tuendae
1169 3175 1251 3220 cura
1297 3177 1370 3224 esse
1392 3178 1465 3222 non
1481 3154 1618 3227 dubito.
1667 3152 1759 3224 Cum
1775 3164 1892 3222 autem
1909 3147 1995 3221 haec
2010 3152 2201 3221 neccssaria
2219 3153 2284 3219 do-

266 3248 416 3319 extineta
434 3245 538 3342 est¹),
561 3246 796 3321 horribilibus
811 3254 977 3345 exemplis
993 3255 1118 3324 evertit
1131 3265 1165 3322 et
1180 3253 1253 3320 dis-
1298 3256 1411 3326 ctrina
1430 3269 1532 3324 antea
1549 3249 1804 3325 monachorum
1823 3254 1988 3323 sordibus
2001 3256 2148 3338 obruta,
2181 3275 2283 3342 pror·

266 3348 368 3439 sipat.
421 3348 539 3436 Quod,
565 3376 646 3419 cnm
660 3352 880 3422 verissimum
897 3378 935 3422 ac
951 3356 1182 3424 certissimum
1199 3355 1254 3438 sit,
1298 3381 1356 3425 sus
1377 3355 1416 3423 in
1438 3357 1592 3426 tenebris
1613 3355 1776 3439 iacuerit,
1805 3378 1901 3423 nunc
1925 3376 2014 3445 quae
2029 3355 2140 3442 gratia
2155 3353 2285 3422 nostris

266 3450 531 3518 assuefaciamus
551 3452 687 3519 animos
712 3455 756 3520 ad
779 3455 894 3542 legum
909 3457 1184 3547 disciplinaeque
1198 3480 1254 3523 rc-
1299 3455 1475 3540 Ecclesiis,
1501 3458 1539 3523 in
1556 3458 1685 3550 quibus
1698 3451 1784 3523 haec
1798 3467 1889 3523 recte
1901 3454 2070 3542 patefacta
2085 3466 2177 3534 sunt,
2200 3456 2285 3522 red·
2352 3488 2357 3494 ·

267 3549 458 3618 verentiam
468 3600 480 3631 ,
507 3563 541 3619 et
561 3551 681 3619 frenos
701 3554 953 3642 cupiditatibus
970 3558 1100 3625 nostris
1115 3557 1252 3625 iniicia-
1298 3561 1421 3644 datur,
1444 3559 1614 3627 videmus.
1665 3555 1737 3625 Sed
1759 3555 1926 3623 usitatum
1950 3552 2061 3619 estin
2083 3546 2283 3619 hachomi-

266 3672 364 3733 mus,
391 3662 424 3719 ct
440 3651 680 3721 moderatione
697 3654 896 3725 animorum
916 3658 1068 3746 primum
1084 3656 1160 3727 Deo
1178 3659 1253 3749 pla·
1298 3683 1385 3729 num
1409 3659 1595 3749 pravitate,
1619 3656 1715 3746 quod
1735 3654 1822 3722 dicit
1836 3650 2027 3720 Pindarus:
2054 3646 2191 3721 παλαιὰ
2206 3647 2284 3748 γὰρ

204 3823 207 3833 ,
268 3773 357 3830 cere,
382 3751 511 3819 deinde
526 3764 560 3821 et
577 3777 800 3822 communem
817 3758 976 3840 salntem,
1001 3773 1172 3850 quantum
1190 3783 1253 3828 suo
1299 3755 1383 3832 εὕδε
1393 3752 1501 3852 χάρις
1516 3755 1567 3850 ⁴),
1593 3746 1805 3850 ἀμνάμονες
1818 3748 1859 3825 δὲ
1875 3747 2020 3849 βροτοί.
2063 3748 2143 3821 Erit
2160 3766 2285 3821 tamen
2355 3805 2358 3808 -

241 3851 345 3920 ¹loco
379 3853 527 3945 quisque
556 3867 689 3944 potest,
730 3856 852 3931 iuvare
881 3860 1094 3931 studeamus.
1152 3859 1254 3930 Hanc
1299 3860 1374 3931 Deo
1397 3883 1514 3942 curae,
1546 3880 1592 3925 ne
1610 3857 1736 3925 veritas
1752 3856 1797 3924 ab
1811 3856 1887 3946 ipso
1902 3865 2097 3923 monstrata
2111 3848 2285 3939 deleatur,

268 3953 380 4041 ipsam
401 3949 664 4046 philosophiam
680 3957 717 4024 in
732 3953 789 4027 his
804 3961 1000 4030 actionibus
1017 3976 1052 4032 et
1067 3962 1254 4032 collatione
1299 3986 1387 4032 neve
1417 3961 1559 4050 piorum
1588 3958 1726 4026 labores
1755 3959 1879 4026 inanes
1900 3956 1983 4028 sint.
2040 3954 2144 4024 Nunc
2166 3969 2285 4024 autem
2359 4000 2364 4006 -

268 4055 421 4123 duarum
434 4051 751 4146 pulcherrimarum
768 4060 961 4147 civitatum,
977 4057 1112 4134 Atticae
1131 4078 1165 4134 ct
1180 4062 1256 4134 Ro·
1299 4059 1384 4132 haec
1398 4061 1552 4144 recitavi,
1577 4072 1629 4142 ut,
1654 4058 1717 4151 qui
1732 4058 1872 4129 discunt
1884 4059 2061 4126 forensem
2078 4056 2287 4140 doctrinam,

176 4202 178 4210 ·
270 4179 405 4238 manae,
428 4156 532 4226 etiam
544 4158 698 4248 proponi
712 4161 993 4233 animadvertent
1007 4165 1168 4246 studiosi,
1194 4165 1256 4258 qui
1299 4161 1385 4234 haec
1406 4164 1597 4252 cogitantes
1618 4185 1693 4230 non
1716 4161 1831 4230 solum
1852 4157 2094 4247 magisstudio
2111 4180 2175 4226 suo
2190 4158 2288 4226 dele-

271 4257 416 4325 consilia
432 4271 589 4327 veterum
605 4259 849 4346 intuebuntur,
874 4265 937 4359 qui
951 4265 1105 4336 actiones
1120 4266 1168 4336 ita
1182 4265 1257 4335 dis-
1300 4263 1454 4351 etentnr,
1478 4267 1540 4333 sed
1561 4263 1668 4333 ctiam
1692 4263 1846 4330 referant
1866 4282 1947 4329 suos
1971 4259 2107 4327 labores
2126 4253 2287 4326 adhunc
2311 4278 2315 4284 ·

270 4357 483 4432 tribuerunt.
532 4356 705 4431 Existimo
730 4376 864 4449 autem,
887 4380 1058 4438 vetustam
1078 4369 1177 4437 illam
1190 4362 1257 4439 At·
1298 4368 1424 4452 linem,
1450 4380 1507 4449 ut,
1531 4389 1611 4435 cum
1626 4375 1815 4452 agnoscent
1827 4360 1971 4451 politica
1986 4360 2099 4429 officia
2114 4356 2189 4427 Deo
2206 4359 2287 4448 pla-

271 4455 360 4525 ticae
383 4459 535 4532 civitatis
559 4463 756 4533 doctrinam
777 4488 796 4532 a
817 4458 940 4556 laphct
958 4481 993 4537 et
1009 4468 1085 4539 eius
1101 4469 1256 4556 filiisac-
1301 4492 1396 4552 cere,
1425 4470 1464 4535 in
1487 4464 1552 4536 hac
1575 4489 1637 4534 sua
1660 4461 1786 4530 militia
1808 4462 1841 4529 ei
1867 4460 2031 4532 serviant.
2083 4459 2169 4529 Tibi
2188 4482 2287 4544 vero,

272 4568 426 4646 ceptam,
456 4573 491 4631 et
512 4562 607 4633 inter
623 4565 713 4632 bene
727 4580 883 4636 moratos
897 4582 1055 4660 posteros
1071 4592 1257 4639 conserva·
1300 4563 1492 4655 Iquchime
1514 4565 1707 4646 carissime,
1732 4561 1895 4652 inscripsi
1917 4557 2008 4630 hanc
2022 4562 2164 4629 brevem
2178 4573 2212 4630 ct
2227 4561 2289 4628 in-

271 4670 344 4727 tarn
361 4670 394 4726 et
412 4675 635 4751 propagatam
653 4689 738 4736 csse.
788 4666 861 4739 Nec
876 4693 977 4755 vero,
1001 4671 1033 4738 si
1045 4671 1182 4741 indocti
1196 4683 1259 4741 aut
1299 4666 1462 4759 choatam
1485 4680 1623 4738 tantum
1645 4663 1940 4747 lucubrationem,
1965 4675 2006 4731 nt
2022 4684 2138 4730 meum
2155 4683 2236 4750 erga
2252 4674 2289 4731 te

270 4756 338 4826 ieri
355 4781 394 4826 ac
411 4758 554 4828 barbari
568 4758 738 4850 homines,
762 4783 823 4838 ant
837 4767 921 4841 haec
934 4787 1175 4858 monumenta,
1196 4783 1257 4841 aut
1298 4774 1455 4843 studium
1470 4793 1550 4838 cum
1564 4764 1649 4845 tibi,
1668 4778 1744 4834 tum
1760 4765 1857 4850 aliis,
1882 4764 2107 4835 declararem,
2159 4761 2209 4835 Ut
2223 4785 2290 4831 au-

271 4857 347 4949 ipsa
365 4858 507 4928 vincula
520 4856 696 4935 humanae
711 4870 885 4942 societatis
900 4888 934 4944 et
948 4873 1157 4963 disciplinae
1169 4896 1256 4942 con-
1299 4887 1371 4943 tem
1398 4869 1501 4967 nobis
1529 4880 1669 4958 gratum
1699 4879 1750 4938 est
1777 4867 1898 4937 videre
1918 4865 2073 4957 aliquos,
2104 4862 2168 4956 qui
2192 4874 2288 4933 recta

271 4971 456 5044 temnunt,
490 4961 570 5030 ideo
596 4986 616 5030 a
639 4968 741 5035 nobis
764 4995 904 5066 quoque
929 4975 1137 5066 negligenda
1163 4987 1255 5046 sunt.

269 5057 431 5153 Cumque
446 5063 536 5134 varii
550 5064 622 5134 sint
635 5059 822 5140 hominum
835 5075 1022 5146 furoresin
1041 5078 1256 5150 conturban-
1334 5146 1362 5215 2)
1381 5143 1413 5199 ‘d
1438 5143 1455 5197 ς
1476 5145 1586 5196 ,mm

308 5300 335 5370 l)
355 5304 409 5367 cst]
428 5301 502 5357 addit
513 5302 579 5358 edit.
592 5302 692 5376 altera,
718 5315 745 5361 ct
756 5318 838 5363 recte.
1060 5361 1063 5366 .
1335 5230 1364 5385 {l
1380 5229 1482 5370 lilii,
1495 5247 1624 5363 ffldosc
1636 5307 1728 5362 ευδεια
1739 5325 1827 5380 χαρις.
1841 5337 1876 5349 -
1894 5306 1981 5360 Locus
1994 5317 2033 5360 cet
2047 5304 2126 5360 Pind.
2139 5307 2234 5365 Istbm.
2241 5306 2291 5366 Vl.
