4748 6022
108 233 184 314 406
271 334 276 342 ἡ

126 409 195 486 No.
211 409 322 485 6761.

121 511 330 546 Μ

695 236 1127 318 EPISTOLARUM
1191 242 1301 317 LlB.
1336 246 1383 322 X.
1444 244 1580 321 1647.
2082 256 2159 335 400

948 423 1108 492 rauche.
1160 413 1227 489 No.
1244 413 1357 492 stoa.
1841 431 1940 509 (lec,
1969 435 2157 514 utvideeur.)

433 580 540 692 cpe.
563 582 783 669 Fischero.
833 548 844 701 ἰ
936 514 1101 611 *⁴*
1168 511 1337 541 m
1541 605 1588 692 P,
1619 605 1768 693 Ebero,
1866 527 2126 563 m

176 739 214 793 Ex
227 742 398 814 autographo
412 741 484 798 edite
499 761 514 796 a
529 741 705 802 Balleustsdt.
720 746 743 798 1.
764 764 807 815 ep.
823 743 849 798 8·
1228 759 1312 832 Epist.
1332 762 1379 847 lib:
1396 767 1434 820 ll.
1454 784 1479 837 p.
1496 763 1555 821 174.
1583 765 1658 833 (edit.
1671 738 1762 819 Lond.
1783 766 1832 821 lib.
1846 770 1883 821 11.
1902 789 1944 839 ep.
1961 771 2036 840 164.)
2075 776 2152 844 Apo-

1259 829 1359 902 grapbs
1370 852 1400 888 ιιι
1415 836 1504 890 Codd.
1519 835 1657 890 Gothsnis
1671 836 1730 889 191.
1747 853 1774 904 p.
1787 837 1821 889 49
1834 848 1860 890 et
1874 840 1933 894 4⁰1.
1954 859 1982 908 p.
1996 843 2022 894 7.

107 894 321 973 Reverendo
334 900 449 983 Viro,
476 887 677 972 eruditione
694 911 725 972 et
743 901 871 972 virtute
884 903 1104 998 praestanti,

109 999 164 1078 D.
181 993 535 1102 Christophoro
561 999 854 1098 Fischerot‘),
877 1003 1106 1100 gubernanti
1434 990 1488 1062 D·
1528 986 1681 1062 Paulo
1716 989 1871 1063 Eburo

108 1102 294 1176 ecclesium
310 1105 390 1178 Dei
404 1107 443 1177 in
461 1103 595 1206 oppido
607 1105 874 1193 lutubensi,
900 1106 1019 1177 amieo
1035 1130 1104 1176 suo
1155 1117 1199 1208 S
1221 1137 1265 1207 D,
1325 1135 1402 1206 Etsi
1428 1135 1518 1206 mihi
1539 1139 1565 1233 ¹)
1588 1164 1750 1230 pr0P⁰¹¹⁰
1776 1141 2029 1240 uuppyoptxoi,
2059 1173 2148 1240 ‘luae
2184 1214 2192 1222 e

555 1205 596 1284 S·
612 1202 656 1278 P·
1154 1243 1197 1306 ad
1216 1238 1450 1309 minuendum
1467 1243 1602 1311 luctum
1620 1245 1826 1311 traduntur:
1861 1259 1978 1315 tamen
1995 1274 2073 1318 cum
2089 1277 2148 1319 co-

64 1323 520 1434 14Re‘ver.D.Prop0site·
570 1340 650 1430 Etsi
671 1365 817 1431 magnae
834 1355 869 1410 et
883 1342 1000 1411 tristes
1019 1357 1102 1412 sunt
1154 1341 1226 1428 gito
1243 1341 1337 1409 filiae
1350 1338 1558 1436 lachrymas,
1584 1370 1663 1413 cum
1679 1347 1722 1411 de
1736 1345 1840 1413 nohis
1858 1347 2071 1440 interrogata
2087 1335 2149 1437 est,
2243 1333 2247 1342 ¹

91 1446 341 1537 -imperiorum
363 1447 402 1514 in
426 1441 496 1529 hoc
518 1460 676 1534 ternpore
699 1444 942 1527 confusiones,
985 1458 1101 1513 tamen
1153 1441 1363 1511 mirabiliter
1379 1447 1572 1513 excrucior.
1625 1442 1788 1515 Omnino
1804 1447 2001 1520 insanabile
2017 1455 2148 1524 vulnus

107 1569 171 1616 nos
189 1548 232 1628 in
258 1548 401 1617 ecclesia
418 1546 642 1616 concordiam
661 1548 754 1615 inter
774 1569 839 1614 nos
857 1546 949 1614 tueri
965 1559 1100 1616 statua·
1153 1538 1222 1611 hoc
1236 1543 1416 1613 silentium
1427 1546 1519 1615 filiae
1534 1561 1568 1616 et
1584 1543 1649 1615 hae
1663 1542 1864 1642 lachrymae
1877 1552 1915 1619 in
1932 1577 2010 1622 meo
2026 1555 2146 1626 animo

88 1672 205 1730 mus,
238 1674 328 1742 quae
349 1649 533 1741 aliquanto
554 1665 632 1740 post
657 1651 760 1717 etiam
777 1647 962 1738 profutura
985 1662 1036 1717 est
1057 1649 1101 1715 ad

108 1774 332 1821 communem
351 1775 471 1841 pacem
495 1747 621 1820 harum
645 1751 850 1837 regionum,
882 1750 966 1840 qnia
988 1746 1102 1818 stabat

35 1922 45 1935 ,
106 1853 244 1923 facilius
262 1853 465 1944 principum
481 1854 689 1933 concordia,
722 1852 749 1917 si
765 1873 956 1918 consensus
977 1874 1101 1918 mane·

107 1955 159 2023 bit
173 1956 388 2025 docentium.
430 1950 476 2023 Et
490 1977 719 2045 quaecuuque
735 1966 840 2020 erunt
853 1952 977 2020 ruinae
994 1976 1100 2020 mun-

108 2056 163 2139 di,
189 2070 308 2126 tomen
321 2080 440 2124 veram
454 2046 523 2124 Dei
538 2056 753 2143 agnitionem
772 2066 805 2122 et
829 2054 991 2121 ecclesiae
1014 2078 1100 2123 con-

107 2158 264 2227 cordiam
281 2159 495 2227 retineamus
512 2171 544 2226 et
554 2157 778 2226 conscientiis
794 2156 1003 2225 miserorum
1014 2179 1099 2223 con-

106 2259 281 2347 sulamus,
307 2273 349 2330 ut
363 2260 527 2338 invocare
542 2257 657 2328 Deum
673 2258 817 2348 possint.

207 2375 356 2448 Causam
378 2374 486 2446 huius
514 2372 556 2448 V
553 2372 705 2445 incendii
719 2367 781 2467 **)
807 2375 975 2458 novistis,
998 2375 1099 2468 'quae

106 2479 203 2569 longi
229 2479 396 2570 temporis
420 2492 534 2548 errata
558 2480 736 2570 utrimque
755 2477 922 2548 continet.
973 2473 1099 2568 Expli-

106 2580 176 2651 cari
191 2594 311 2650 tamen
325 2604 381 2650 res
397 2594 530 2672 potest,
563 2581 592 2649 si
606 2579 841 2651 conscientiae
858 2578 927 2646 viri
945 2592 978 2647 et
992 2581 1098 2647 mise-

104 2684 153 2753 ris
177 2685 297 2774 pueris
320 2683 541 2767 consuletur,
573 2683 670 2776 quod
693 2682 769 2750 lieri
796 2703 897 2771 posse
921 2681 1097 2748 existima-

104 2807 192 2854 mus.
244 2784 335 2856 Nam
354 2785 521 2855 collocuti
536 2809 657 2855 sumus
674 2787 717 2852 de
731 2806 869 2852 somma
884 2783 1015 2870 negotii
1025 2781 1098 2852 Re-

104 2890 278 2968 verendus
293 2886 339 2958 D.
353 2886 460 2957 Pater
474 2887 639 2957 ecclesiae
655 2899 814 2969 nostrae,
847 2899 881 2954 et
897 2908 959 2972 ego
975 2884 1098 2956 etalii.

105 2988 175 3060 Sed
193 2991 347 3081 primum
364 2990 527 3058 omnium
545 2990 758 3078 exploranda
774 3001 825 3056 est
838 2986 1002 3056 voluntas
1017 3010 1096 3056 mu-

103 3091 201 3161 lieris
216 3086 378 3172 Heidoe,
411 3114 500 3181 quae
517 3091 671 3178 primurn
693 3089 723 3157 ei
747 3102 855 3178 nupta
870 3089 950 3157 suit.
1002 3084 1097 3156 Ora-

104 3215 181 3260 mus
216 3191 345 3278 igitnr,
384 3203 426 3258 ιιι
459 3214 535 3258 eam
566 3191 751 3258 mulierem
776 3187 912 3256 Heidae
939 3188 1096 3277 primum

101 3305 248 3382 nuptam
266 3290 457 3360 Vincentio
479 3294 599 3360 advos
615 3291 790 3359 accersitis
813 3285 983 3357 adhibitis
1005 3291 1096 3357 duo·

101 3394 169 3462 bus
184 3407 246 3463 aut
262 3392 377 3463 tribus
394 3389 551 3462 honestis
568 3392 670 3474 viris,
695 3414 756 3460 seu
772 3390 912 3478 collegis
927 3413 988 3458 seu
1004 3389 1095 3474 aliis,

102 3508 136 3563 et
151 3494 395 3583 interrogetis,
428 3519 473 3563 an
496 3507 609 3584 petat,
643 3508 704 3563 aut
725 3493 876 3583 petitura
899 3492 944 3560 sit
965 3504 1095 3580 postea,
1132 3548 1135 3554 .

102 3610 141 3666 ut
156 3599 250 3688 apud
268 3621 342 3665 eam
353 3598 465 3680 vivat;
492 3599 536 3663 de
554 3596 662 3665 altera
679 3593 1111 3685 postea‘delibernbimus.
1194 3620 1204 3634 ·

100 3693 178 3768 Oro
204 3699 329 3787 igitur,
360 3711 400 3766 ut
417 3698 578 3767 mulieris
603 3697 868 3788 responsionem
891 3695 1033 3787 planam
1057 3708 1092 3764 et

101 3802 322 3892 perspicuam
340 3800 443 3868 nobis
459 3799 618 3869 mittatis.
670 3796 824 3866 Possunt
842 3799 951 3866 multa
968 3812 1002 3866 et
1020 3821 1094 3866 ma·
1178 3822 1184 3827 ·

100 3904 172 3972 turi
188 3904 225 3971 in
244 3901 676 3980 controversiisveterihus
694 3914 735 3969 et·
743 3899 928 3991 perplexis,
951 3901 1010 3967 sed
1029 3922 1093 3968 nos

100 3998 168 4074 hoc
192 4005 347 4095 agimus,
379 4017 417 4072 ut
440 4004 624 4072 extricatae
644 4002 878 4070 conscientiae
898 3999 1014 4070 Deum
1038 4002 1095 4068 in-

101 4130 226 4176 vocare
244 4107 394 4196 possint,
430 4118 463 4173 et
478 4119 517 4174 ut
532 4105 648 4194 parvis
666 4105 800 4193 pueris,
829 4103 948 4170 silleri
969 4117 1093 4192 potest,

99 4210 315 4281 consulatur.
367 4205 463 4275 Bene
478 4220 512 4275 et
526 4205 675 4275 feliciter
692 4206 778 4273 vale.
828 4201 1092 4276 Dieeofflebt.
1164 4216 1169 4225 '

103 4306 212 4381 1547.
297 4385 302 4396 ‚

202 4411 360 4499 Quaeso,
384 4423 422 4478 ut
432 4409 696 4501 responsionem
712 4404 1091 4493 mittatisVitebergam

102 4516 146 4582 ad
165 4517 268 4583 aedes
293 4504 488 4586 M.,Pault
511 4507 631 4579 Eberi
654 4535 715 4601 per
737 4504 919 4577 hominem
946 4519 1092 4583 certum,

100 4617 162 4705 qui
186 4630 219 4684 et
235 4614 446 4687 Reverendo
468 4611 512 4681 D.
526 4612 664 4682 Pastori
687 4626 721 4679 et
738 4607 824 4678 mihi
841 4634 915 4678 eam
934 4603 1091 4678 exhiberi

100 4717 249 4789 curabit.
302 4714 435 4786 lterum
452 4717 573 4786 valete.

99 4900 172 4911 a...
183 4903 320 4912 ---..----

1153 1646 1323 1718 lecerunt.
1374 1645 1443 1717 Sed
1461 1650 1637 1738 privatum
1662 1651 1820 1720 dolorem
1838 1652 1948 1725 vincit
1972 1657 2146 1745 publicus.

1154 1746 1287 1816 Scribit
1301 1743 1467 1818 Bucerus
1484 1751 1568 1820 satis
1583 1752 1747 1840 frigidam
1761 1749 1970 1842 Epistolam.
2022 1758 2147 1850 †Spe-

1153 1862 1207 1916 rat
1222 1849 1316 1916 enim
1333 1875 1455 1939 pacem
1475 1853 1570 1922 salva
1590 1852 1706 1925 urbe.”
1756 1852 1867 1922 Nobis
1888 1855 1970 1950 περὶ
1992 1863 2056 1951 τῆς
2078 1856 2150 1943 ud,

1154 1954 1259 2034 λεως,
1286 1956 1355 2021 coti
1373 1946 1541 2047 σκάφους
1556 1950 1662 2036 ὅλου,
1688 1956 1829 2022 utolim
1847 1959 2046 2041 dicebatur,
2073 1977 2144 2030 ter-

1152 2075 1213 2119 ror
1236 2054 1417 2122 incutitur.
1447 2100 1453 2111 ι
1478 2050 1772 2125 Oremus'autem
1795 2056 1926 2143 Deum,
1969 2074 2008 2129 ut
2030 2063 2066 2129 in
2092 2064 2144 2133 ira

1153 2153 1415 2224 misericordiae
1439 2159 1662 2239 recordetur,
1701 2172 1734 2227 et
1755 2159 1913 2247 publicas
1935 2176 1968 2231 et
1990 2165 2144 2252 privatas

1152 2254 1365 2325 calamitates
1381 2258 1527 2345 mitiget.
1578 2257 1747 2346 Paginam
1762 2261 1864 2330 mitto
1879 2267 1956 2333 τῶν
1969 2288 2146 2357 παραμυ-

1152 2351 1253 2427 dimo
1268 2381 1356 2449 quae
1373 2359 1521 2430 institui.
1574 2355 1783 2429 Iohannem
1800 2386 1917 2431 meum
1941 2366 2142 2437 ministrum

1152 2454 1315 2527 adhiberi
1330 2461 1435 2528 velim
1452 2475 1532 2530 tuac
1546 2486 1706 2544 mensae,
1739 2487 1812 2531 non
1829 2466 1944 2532 solum
1960 2468 2049 2551 cibi,
2083 2473 2144 2538 sed

1152 2560 1256 2629 etiam
1274 2583 1478 2632 sermonum
1495 2586 1608 2636 causa.
1647 2564 1717 2634 Dat
1733 2567 1763 2632 oi
1781 2569 1944 2636 mandata
1963 2593 2053 2639 uxor
2068 2595 2143 2640 mea

1151 2662 1194 2752 de
1217 2663 1342 2731 calceis
1359 2665 1534 2733 iaciendis
1548 2658 1590 2758 ²).
1641 2662 1719 2737 Etsi
1740 2661 1818 2735 heri
1832 2669 1984 2738 multum
2001 2675 2143 2761 profudi

1150 2759 1432 2858 lachrymarum,
1463 2780 1496 2835 et
1511 2768 1701 2858 adlectum
1725 2793 1920 2838 moerorem
1936 2773 2055 2841 attuli:
2090 2789 2144 2843 ta-

1151 2890 1232 2935 men
1251 2864 1390 2959 ὄνειρος
1405 2869 1473 2938 fuit
1487 2893 1562 2936 non
1581 2870 1748 2941 insuavis.
1788 2870 1864 2940 Scri
1868 2888 1982 2960 pserat
1996 2866 2143 2969 Cupuio

1150 2968 1278 3037 dixisse
1303 2960 1432 3038 Picum
1451 2964 1792 3051 Mirandulanum‚
1827 2987 1982 3042 nostram
2007 2972 2143 3045 Acade·
2249 2961 2256 2966 ’

1150 3069 1258 3138 mium
1274 3070 1350 3138 fore
1367 3074 1500 3139 fontem
1518 3072 1668 3140 aliarum
1687 3066 1898 3145 scholarum.
1949 3073 1988 3143 Si
2005 3099 2079 3143 non
2094 3077 2143 3146 si-

1149 3173 1291 3260 gnificat
1306 3171 1590 3261 dissipationem,
1624 3189 1664 3242 ιιι
1677 3197 1772 3242 ιιιιιιε
1788 3174 1890 3240 exilia
1911 3190 2029 3244 nostra
2048 3180 2144 3247 mul-

1149 3285 1201 3340 tas
1225 3267 1362 3343 scholas
1385 3274 1535 3353 faeinnt,
1570 3270 1713 3366 ἀρέσκει
1737 3273 1885 3367 ὄνειρος.
1938 3275 2035 3346 Bene
2053 3280 2140 3348 vale.

1148 3367 1297 3472 [oie]

1152 3587 1752 3597 Ἤ-.Η---.,---η-
1765 3590 2145 3605 -κ-η-Ἣ

1656 3761 1661 3769 ·
1739 3735 1824 3814 (eod.
1839 3752 1931 3821 temp.
1950 3755 1982 3801 ut
1997 3741 2158 3828 videtur.)

1759 3831 2112 3877 κακῇ-,κ
2228 3826 2231 3834 “

1468 3913 1539 3997 De
1561 3906 1820 4020 afflictione.

1216 4083 1236 4144 †
1256 4077 1292 4130 Es
1312 4094 1408 4199 apogr.
1427 4073 1456 4128 in
1475 4075 1536 4128 cod.
1556 4073 1638 4131 Goth.
1656 4075 1696 4130 19.
1721 4094 1749 4147 p.
1767 4077 1825 4131 tos.
1844 4089 1869 4133 et
1889 4079 1952 4132 cod.
1975 4079 2057 4132 Goth.
2080 4079 2141 4135 262.

1250 4169 1277 4218 p.
1292 4147 1327 4229 18·
1342 4185 1349 4200 .
1367 4177 1405 4226 -3
1440 4142 1553 4226 Videtur
1567 4143 1635 4199 haec
1654 4144 1699 4200 ille
1714 4145 1817 4228 pipella
1832 4166 1904 4213 esse,
1929 4166 2008 4217 quam
2023 4148 2056 4200 de
2069 4168 2140 4203 con·

1251 4218 1384 4268 solatione
1398 4230 1426 4265 m
1446 4210 1596 4268 afflictione
1612 4213 1703 4268 Ehero
1719 4215 1822 4269 misisse
1840 4215 1905 4268 dicit
1922 4214 1950 4266 in
1969 4216 2047 4285 epist.
2062 4224 2139 4271 snte'·

1248 4285 1370 4338 cedente.

1373 4439 1435 4555 De
1461 4442 1668 4542 afflictione
1694 4436 1772 4514 Pb.
1798 4436 1910 4514 Mel.

1144 4574 1260 4689 Quod
1282 4619 1422 4664 necesse
1446 4596 1509 4679 sit,
1537 4594 1694 4662 animum
1718 4587 1875 4661 hominis
1891 4594 1979 4660 bene
1995 4594 2138 4664 doctum
2238 4647 2246 4653 -

1136 4723 1217 4768 esse
1231 4712 1266 4768 et
1287 4698 1517 4776 instructum,
1553 4694 1637 4788 qnid
1662 4695 1706 4763 sit
1730 4694 1954 4763 sentiendum
1973 4696 2017 4762 de
2035 4720 2140 4765 aeru-

1144 4801 1236 4871 mnis
1252 4801 1390 4890 generis
1405 4793 1574 4879 humani,
1609 4796 1692 4863 inde
1708 4795 1932 4865 manifestum
1949 4810 2017 4879 est,
2043 4801 2138 4890 quod

1144 4903 1253 4980 ratio,
1292 4902 1412 4969 adiuta
1447 4899 1521 4986 lege
1544 4898 1630 4982 Dei,
1672 4899 1888 4967 eontrarium
1918 4897 2066 4967 omnino
2094 4900 2140 4967 ah

133 5003 161 5072 *l
180 5004 267 5071 „cte
290 5002 447 5057 Futurum
469 5005 586 5074 primun
605 5001 801 5068 Soumateon,
826 5001 887 5054 dein
905 5001 1091 5071 Meinungen-
1141 5001 1338 5093 Evangelio
1352 5004 1396 5070 de
1414 4999 1668 5069 afflictionibus
1682 4999 1815 5083 statuit,
1842 5023 1881 5068 ac
1898 4992 2043 5089 prorsus
2061 5024 2141 5091 per-

166 5076 235 5126 sium
254 5072 545 5142 superintendentem,
578 5081 636 5125 turn
658 5070 791 5124 llellterst.
811 5071 965 5131 Pastorem,
998 5078 1023 5123 et
1044 5069 1092 5121 de·
1141 5107 1275 5176 niciose
1291 5118 1326 5175 et
1341 5101 1504 5176 satanice
1521 5102 1566 5170 de
1581 5102 1763 5171 voluntate
1779 5100 1845 5172 Del.
1864 5124 1944 5191 erga
1961 5125 2027 5171 nos
2045 5103 2141 5171 iudi-

167 5142 249 5214 nique
271 5142 422 5196 Cellensem
446 5141 585 5212 Superint.
608 5138 774 5193 Generalem
803 5137 930 5221 epistolas
951 5137 1015 5191 Vlll
1041 5136 1092 5194 Ph.

166 5211 234 5265 Mel.
248 5230 330 5265 manu
345 5223 460 5265 exaratas
475 5230 582 5264 meeum
598 5228 694 5274 servo,
712 5208 905 5269 ἀνεκδοιους.”
926 5207 1090 5276 (Bullenst.)

71 5316 75 5322 ·
131 5293 178 5363 **)
195 5294 549 5367 „theeutsissNeudorser,
570 5294 645 5366 civis,
664 5295 698 5348 sb
713 5311 795 5346 uxore
810 5292 931 5346 desertus
944 5298 1008 5344 eret.
1034 5289 1090 5360 {gt-

49 5376 56 5383 '
164 5375 209 5418 tur
219 5363 363 5417 consilium
378 5364 411 5418 de
419 5362 627 5419 uxorssicunds
641 5365 747 5435 petebat
755 5360 906 5417 ducends.’'
921 5360 1090 5430 (Bullenst.)

163 5431 228 5486 Vid.
240 5433 317 5504 epist.
331 5432 360 5487 d.
375 5435 400 5487 6.
413 5432 495 5487 Mart.
514 5442 543 5486 et
555 5433 583 5486 d.
596 5433 641 5488 25.
657 5432 739 5487 Msrt.
754 5430 782 5485 h.
792 5448 817 5484 s.
1063 5433 1070 5446 ‘

1174 5347 1203 5412 1)
1218 5343 1274 5398 Pro
1289 5343 1360 5396 mut
1376 5340 1439 5396 eod.
1452 5337 1536 5395 Goth.
1555 5338 1615 5393 191.
1635 5356 1848 5408 nonuunquam
1861 5342 1883 5393 2?

1139 5455 1153 5471 ι
1175 5430 1204 5498 2)
1221 5427 1536 5494 Ραιιηοηιξιηιιιοὶοια]
1552 5441 1610 5479 non
1622 5424 1750 5494 leguntur
1762 5424 1790 5476 in
1806 5424 1868 5477 cod.
1887 5420 2037 5477 (tutulos.

1228 5502 1309 5574 26*
1384 5600 1392 5615 ·

2066 5640 2085 5683 ὀ
