4748 6022
202 226 205 231 ¹
296 231 370 309 115

317 402 383 477 Νο.
398 401 509 479 3445.

304 498 516 540 Μ

1140 415 1202 479 18.
1209 406 1289 491 Ape.

1142 502 1280 532 Q

502 711 505 716 .
591 605 711 690 Hier.
738 599 994 692 Staudenio.

360 758 466 815 ‚Manlii
483 758 583 833 iarrag.
601 782 628 833 p.
640 763 726 819 teob.

896 227 1333 314 EPI'STOLARUM
1381 230 1562 311 LIEX.
1614 233 1746 313 1640.

2227 278 2231 285 =
2258 236 2333 312 116

1338 425 1415 491 rer,
1449 405 1479 476 si
1503 429 1596 476 meas
1615 406 1736 476 literas
1758 404 1912 480 afferret.
1967 392 2065 476 Haec
2087 417 2205 476 autem
2230 431 2334 499 prae-

1339 526 1419 575 sens
1444 521 1537 577 certe
1560 507 1720 579 dicturus
1743 530 1871 593 essem,
1907 530 1997 600 quae
2019 508 2169 576 assiduis
2196 510 2290 578 votis
2307 532 2334 580 a

1339 602 1436 692 Deo,
1478 621 1619 679 aeterno
1653 623 1753 699 patre
1778 607 1915 678 domini
1940 608 2054 677 nostri
2079 607 2159 678 lesu
2186 604 2336 696 Christi,

1339 709 1523 780 conditore
1534 707 1731 797 Ecclesiae,
1755 724 1858 801 peto,
1883 722 1924 780 ut
1940 723 2054 778 servet
2070 710 2253 781 doctrinae
2271 735 2335 780 ve-

1222 863 1226 867 .
1341 831 1400 879 rae
1434 811 1569 896 lucem,
1598 825 1640 909 ¹et
1673 812 1865 900 coniungat
1897 812 2096 879 voluntates
2119 812 2337 899 docentium,

300 914 572 988 Honestissimo
606 918 701 1007 siro,
742 917 797 996 D.
830 919 1113 1016 Hieronymo
1147 915 1290 989 Stau-

301 1013 402 1105 den,
426 1017 465 1089 in
479 1016 613 1118 oppido
625 1017 855 1106 Sandalion
880 1022 999 1093 amico
1011 1031 1042 1094 et
1058 1029 1290 1093 conterraneo

678 1119 911 1201 charissimo.
964 1164 976 1176 ·

300 1247 342 1339 S.
358 1263 403 1340 D.
434 1266 541 1340 Hunc
555 1268 767 1359 Magistrum
782 1267 809 1341 I
809 1295 962 1342 oannem
979 1263 1025 1341 F
1019 1243 1171 1340 ra‘ncum
1187 1270 1289 1341 mitto

299 1372 449 1451 advos,
483 1385 523 1441 ut
539 1372 704 1442 audiatur
719 1373 757 1441 in
771 1370 927 1445 Ecclesia
953 1368 1173 1446 Werbensi:
1207 1371 1290 1465 quia

301 1494 380 1562 spes
408 1487 459 1542 est
489 1473 585 1555 fore,
618 1487 658 1544 ut
681 1475 750 1566 ipsi
773 1500 813 1545 ea
833 1472 991 1546 Ecclesia
1012 1476 1289 1547 commendetur.

298 1570 367 1641 Vir
389 1568 578 1660 honestus,
613 1588 649 1645 et
668 1577 752 1645 satis
770 1579 894 1647 doctus
912 1591 982 1647 est:
1017 1589 1052 1646 et
1069 1589 1172 1645 antea
1187 1576 1290 1646 hien-

297 1674 360 1744 nio
385 1675 452 1747 fuit
475 1677 513 1745 in
536 1676 733 1748 ministerio
756 1675 999 1749 Ecclesiastico
1021 1678 1060 1745 in
1079 1672 1290 1770 Bernburg.

238 1852 242 1860 ¹
296 1772 423 1844 Postea
448 1778 492 1847 ad
514 1773 741 1848 Academiam
768 1780 894 1865 rediit,
926 1780 1187 1848 confirmandae
1208 1803 1291 1849 eru-

207 1922 211 1928 ·
293 1875 446 1953 ⁴ditionis
480 1901 600 1947 causa:
647 1892 681 1949 et
714 1881 900 1971 coniugem
933 1876 1057 1963 habet,
1097 1881 1290 1963 etlilium.

296 1973 517 2047 Commendo
539 1977 641 2047 vobis
664 1974 856 2054 hominem.
908 1976 963 2051 De
979 1977 1024 2050 D.
1038 1975 1205 2049 Erusmo
1221 1975 1290 2049 Al-

296 2074 381 2146 bero
402 2078 542 2162 scitote,
568 2102 649 2148 eum
665 2080 840 2170 proticisci
859 2082 904 2152 ad
919 2079 1087 2153 Francos.
1116 2095 1289 2152 vocarunt

296 2180 390 2249 enim
415 2205 496 2250 eum
518 2172 850 2275 Rutenburgenses.
913 2179 1021 2254 Mitto
1046 2181 1148 2253 vobis
1172 2207 1289 2253 erem-

202 2274 206 2282 ’
294 2283 393 2372 plum
419 2306 516 2351 meae
542 2278 741 2373 Epistulae,
781 2287 906 2352 missae
929 2282 974 2351 ad
1000 2277 1223 2353 Musculum
1237 2275 1286 2377 *)‚

295 2382 358 2475 qui
376 2378 649 2452 Francosordiae
671 2384 755 2454 satis
778 2384 916 2453 duriter
937 2382 976 2450 in
999 2399 1201 2456 nostrarum
1216 2381 1287 2456 Ec-

293 2484 481 2553 clesiamm
503 2485 767 2554 concionatores
790 2485 950 2555 invectus
973 2498 1036 2559 est.
1085 2481 1192 2556 habet
1212 2488 1285 2557 for-

293 2584 395 2655 tassis
410 2608 513 2655 suum
531 2580 726 2672 theatrum,
759 2586 816 2656 cui
835 2587 939 2657 dulce
955 2601 1006 2658 est
1020 2589 1143 2658 audire
1162 2589 1286 2658 convi-

295 2686 347 2754 cia
363 2687 493 2779 quihus
507 2710 571 2756 nos
588 2686 803 2773 laceramur,
834 2687 898 2781 qui
913 2701 1032 2758 tamen
1048 2689 1227 2760 nemiuem
1246 2690 1284 2758 in

294 2783 456 2857 Marchia
477 2789 660 2878 laesimus:
694 2789 853 2860 fortassis
875 2811 954 2878 erga
978 2792 1067 2861 alios
1086 2793 1191 2862 etiam
1207 2792 1286 2861 offi-

266 2944 272 2952 .
293 2888 379 2958 cidsi
397 2890 539 2964 luimus.
577 2888 646 2960 Sed
663 2883 731 2959 hoc
751 2915 892 2984 quoque
918 2889 1011 2987 (Deo
1030 2886 1190 2986 iuvante)
1216 2891 1286 2962 Pa-

293 2989 339 3059 tri
357 2988 505 3060 Domini
529 2990 642 3060 nostri
666 2987 744 3061 lesu
761 2988 895 3063 Christi
920 2997 1146 3065 commendo:
1179 3019 1283 3087 quem

1341 934 1405 980 nec
1423 912 1517 983 sinat
1531 908 1681 984 distrahi
1696 909 1871 983 Ecclesias
1886 923 1979 981 recte
1999 911 2200 985 sentientes.
2239 912 2337 1000 Scio,

1340 1024 1374 1081 te
1400 1026 1435 1083 et
1455 1014 1611 1085 veritatis
1637 1028 1672 1085 et
1702 1015 1912 1100 concordiae
1941 1012 2106 1104 publicae
2135 1013 2336 1085 studiosum

1341 1131 1431 1201 esse3
1458 1115 1537 1199 ideo
1551 1116 1667 1186 scribo
1681 1115 1836 1190 brevius
1878 1113 2097 1205 Magnopere
2116 1138 2200 1184 vero
2217 1117 2333 1202 doleo,

1340 1214 1420 1285 istic
1449 1216 1567 1286 nescio
1601 1241 1706 1311 quem
1721 1208 1760 1313 *)
1790 1214 1941 1286 movisse
1966 1215 2242 1305 disputationem
2267 1240 2332 1288 nec

1340 1318 1572 1387 necessariam
1586 1343 1651 1388 nec
1664 1318 1789 1389 utilem
1804 1319 1848 1386 de
1862 1316 1995 1385 inferis.
2022 1314 2169 1387 Utinam
2183 1319 2332 1411 ardeant

1341 1441 1463 1489 omnes
1476 1442 1558 1489 vero
1573 1421 1690 1490 studio
1707 1413 1958 1512 proponendae
1973 1431 2006 1490 et
2019 1417 2248 1489 illustrandae
2266 1443 2331 1490 ne-

1342 1520 1508 1590 cessariae
1532 1522 1712 1591 doctrinae
1736 1523 1781 1591 de
1804 1518 2045 1612 poenitentia,
2070 1519 2159 1600 tide,
2185 1518 2331 1591 invoca-

1339 1621 1438 1691 tione
1460 1644 1542 1691 vera
1562 1634 1596 1691 et
1617 1621 1762 1693 caeteris
1782 1621 1995 1704 virtutibus,
2027 1620 2073 1688 ad
2092 1644 2178 1712 quas
2194 1622 2332 1693 conditi

1341 1735 1377 1792 et
1390 1723 1504 1792 renati
1518 1746 1651 1798 sumus.
1683 1718 1778 1803 Alia,
1803 1723 1848 1792 de
1864 1721 1994 1814 quibus
2008 1743 2054 1789 ne
2069 1721 2212 1814 quidem
2226 1723 2333 1793 valde

1340 1824 1472 1896 eruditi
1502 1822 1738 1914 pronunciare
1769 1835 1935 1913 possunt,
1974 1843 2065 1915 quae
2092 1846 2232 1915 quoque
2255 1847 2332 1894 nou

1341 1938 1426 1995 suut
1448 1948 1608 2016 expresse
1631 1924 1819 2017 patefacta,
1845 1941 1910 1994 cur
1925 1936 2129 1993 scrutantur
2143 1919 2333 1997 homines?

1341 2020 1509 2116 Optariru
1523 2026 1648 2117 igitur,
1674 2025 1777 2096 illum
1792 2025 2046 2118 disputatorem
2063 2025 2149 2095 tales
2163 2027 2332 2107 materias

1339 2126 1466 2196 afferre
1489 2126 1529 2195 in
1553 2128 1747 2218 publicum.
1797 2123 1879 2197 Erit
1902 2121 2007 2196 etiam
2023 2138 2105 2197 tuae
2118 2128 2332 2216 prudentiae

1338 2227 1478 2298 silentio
1494 2252 1571 2298 eam
1588 2227 1850 2300 contentionem
1869 2229 2032 2298 obruere.
2059 2223 2198 2327 [1550]
2215 2221 2288 2325 ‘*).
2360 2264 2363 2268 ·

1352 2559 1419 2634 No.
1429 2555 1541 2632 8447.

1341 2656 1555 2695 Q
1593 2705 1608 2726 r

1661 2741 1726 2827 Io.
1752 2740 2002 2855 Agricolae.

1369 2903 1393 2973 †
1409 2901 1449 2956 Es
1467 2919 1563 2974 apogr.
1583 2900 1612 2956 in
1630 2901 1693 2960 cod.
1714 2903 1851 2959 Melicert.
1870 2901 1924 2959 No.
1939 2901 1967 2958 4.
1986 2922 2014 2975 p.
2028 2901 2073 2957 ⁵1.

2173 2518 2233 2632 10.
2247 2561 2332 2646 Ap'r.

2180 2656 2321 2687 sou»

1488 3053 1701 3132 Iohanni
1724 3056 1955 3159 (Agricolae)
1981 3055 2175 3131 Islebio.

1334 3193 1383 3286 S.
1417 3208 1463 3298 D.
1523 3207 1613 3310 Scio
1638 3210 1808 3281 viciosam
1842 3234 1916 3281 esse
1956 3203 2328 3307 πολυπραγμοσύνην

1337 3312 1463 3386 alienis
1486 3334 1522 3381 se
1541 3311 1690 3403 negotiis
1706 3313 1941 3404 ingerentem,
1968 3325 2002 3382 et
2015 3314 2173 3406 prolecto
2187 3326 2328 3384 tantum

1337 3411 1427 3486 mihi
1443 3414 1714 3503 occupationum
1728 3428 1780 3485 est
1794 3415 1832 3481 in
1848 3426 1967 3511 nostra
1983 3414 2183 3505 republica,
2198 3427 2329 3484 utnon

1337 3520 1489 3589 libenter
1503 3515 1686 3584 admittam
1705 3514 1830 3586 aliena.
1870 3512 1939 3584 Sed
1959 3537 2039 3584 cum
2055 3537 2128 3583 una
2143 3515 2189 3582 sit
2204 3511 2329 3584 Eccle-

1129 3639 1191 3701 20.
1204 3631 1284 3717 Ape.
1337 3621 1387 3691 sia
1401 3615 1489 3700 Dei,
1519 3613 1722 3704 ubicunque
1747 3625 1829 3682 sunt
1849 3626 1986 3697 coetus,
2018 3637 2101 3682 vera
2122 3614 2250 3702 pietate
2272 3615 2330 3685 di-

1137 3723 1277 3809 w’,
1336 3731 1472 3792 scentes
1488 3711 1724 3803 Evangelium
1747 3726 1781 3782 et
1801 3715 1996 3803 optandum
2019 3713 2083 3798 sit,
2107 3725 2147 3783 ut
2166 3737 2330 3801 praeser-

1336 3823 1402 3893 tim
1438 3813 1563 3888 harum
1596 3813 1780 3903 regionum
1812 3809 1989 3883 Ecclesiae
2020 3813 2330 3886 coniunctissimae

1336 3925 1427 4006 siut,
1452 3917 1633 3988 interdum
1651 3916 1713 4000 iis,
1734 3914 1796 4008 qui
1811 3915 1932 3985 literas
1946 3916 1991 3985 ad
2008 3937 2070 3984 vos
2086 3926 2227 4005 petunt,
2245 3939 2330 3985 mo-

1337 4048 1411 4096 rem
1427 4042 1528 4111 gero,
1553 4017 1741 4110 scriboque
1757 4039 1831 4085 non
1849 4028 2015 4109 tanquam
2029 4017 2073 4084 ad
2092 4015 2238 4099 alienos,
2264 4019 2328 4088 sed

1336 4139 1377 4196 ut
1399 4119 1508 4191 homo
1530 4116 1760 4190 scholasticus
1782 4118 1936 4188 serviens
1952 4112 2117 4186 Ecclesiis
2132 4115 2326 4190 multarum

1336 4225 1545 4316 regionum,
1568 4221 1821 4314 qualiscunque
1841 4226 1893 4287 e'st
1909 4212 1994 4287 haec
2008 4241 2088 4288 mea
2104 4217 2226 4308 exigua
2241 4219 2327 4288 iun·

295 4322 507 4400 Reverendo
533 4328 630 4416 viro,
670 4325 872 4403 eruditione
898 4342 929 4405 et
957 4333 1151 4408 virtutibus
1174 4360 1283 4433 prae·
1337 4329 1440 4413 clio.
1458 4324 1497 4392 51¹
1519 4342 1605 4417 (1112.
1630 4318 1707 4424 D0⁰
1729 4320 1891 4403 iuvante,
1915 4341 2050 4431 vemt·
2105 4316 2208 4390 Certe
2231 4315 2327 4390 nihil

296 4428 434 4510 stanti,
458 4426 513 4505 D.
534 4426 565 4501 I
569 4431 716 4501 oanni
738 4429 926 4530 Arpina,
952 4434 1138 4535 Episcopo
1154 4438 1284 4512 Eccle-
1336 4432 1376 4501 in
1399 4424 1465 4499 hac
1486 4449 1525 4495 re
1546 4445 1644 4492 meae
1666 4420 1828 4490 utilitatis
1848 4443 1952 4489 causa
1974 4421 2079 4494 facio.
2136 4417 2190 4489 Te
2217 4420 2326 4510 igitur
2367 4482 2370 4487 .

335 4527 413 4598 siue
428 4526 508 4600 Dei
523 4531 562 4603 in
579 4531 721 4627 inclyta
735 4531 960 4631 Hamhurga
979 4531 1082 4615 Phil.
1095 4538 1255 4619 Melam.
1338 4575 1546 4599 ------
1589 4573 1592 4577 ’

1369 4654 1400 4721 ⁴)
1417 4647 1480 4704 Fuit
1493 4630 1678 4697 Titensnnnus
1689 4640 1817 4710 Eops'ng,
1828 4671 1832 4676 ·
1842 4641 1973 4698 diaeonus
1988 4644 2021 4698 ad
2038 4641 2097 4696 aed.
2112 4640 2140 4695 S.
2155 4639 2237 4696 Petri.
2273 4639 2327 4697 Vi-

1404 4719 1497 4773 deatur
1515 4711 1549 4765 de
1568 4709 1838 4766 haccontrouersia:
1868 4710 2023 4783 „Memoria
2039 4711 2147 4765 loannis
2164 4710 2206 4764 Ae
2225 4710 2263 4764 ini
2279 4712 2328 4765 in·

1402 4791 1518 4841 staurata
1541 4787 1612 4834 auct.
1637 4777 1759 4832 ernoldo
1788 4777 1920 4833 Greus'u.”
1972 4779 2121 4832 Hambur.
2148 4778 2196 4831 171
2216 4816 2224 4833 .
2248 4783 2274 4834 4.
2299 4789 2327 4834 et

1403 4851 1531 4909 Planateis·
1546 4849 1630 4917 delet.
1649 4852 1696 4919 tet,
1713 4846 1814 4913 scatet.
1835 4850 1964 4918 tettteqr.
1987 4847 2069 4900 Toni.
2111 4888 2118 4904 .
2141 4847 2173 4900 P.
2188 4847 2209 4901 t.
2231 4865 2258 4918 p.
2272 4849 2328 4903 252

1403 4942 1464 4996 sqq.
1503 4917 1672 4979 Sententiam
1690 4934 1766 4970 suam
1787 4918 1905 4988 Arpinus
1923 4919 1974 4970 iam
1993 4922 2171 4987 proposuerat
2188 4913 2217 4970 in
2236 4914 2327 4970 Com-

1403 4990 1538 5048 mentario
1551 4988 1579 5042 in
1593 4986 1694 5040 Psalm.
1703 4984 1779 5045 xvt
1792 4985 1919 5040 Francos.
1928 4986 2002 5040 1544.
2017 4986 2042 5038 8.
2055 4984 2144 5048 (edito
2158 5003 2172 5037 a
2186 4984 2242 5038 lois.
2256 4987 2326 5040 Fre.

1404 5064 1487 5129 dero,
1508 5059 1612 5129 collega
1627 5055 1751 5126 depini).
1786 5053 1828 5107 De
1848 5054 1977 5109 descensu
1992 5053 2092 5109 Christi
2105 5053 2138 5107 ad
2150 5051 2254 5107 inferos
2269 5055 2328 5110 iam

1403 5142 1480 5186 antea
1504 5129 1575 5182 inter
1598 5145 1626 5179 se
1646 5123 1791 5178 sententias
1814 5121 1961 5177 contulisse
1978 5122 2145 5188 liutherum,
2178 5122 2329 5194 Bugenlaa-

1406 5201 1475 5253 *ium
1521 5192 1725 5250 Melanthonesn
1750 5188 1810 5243 ess
1830 5192 1958 5246 alatinum
1981 5192 2065 5247 intelli
2085 5191 2139 5244 itur
2162 5207 2192 5242 es
2211 5191 2328 5273 epistola

1401 5219 1470 5324 het.
1485 5235 1523 5320 'ad
1537 5261 1702 5333 Spoletinum
1718 5259 1798 5312 (1.00.
1845 5269 1895 5315 art.
1912 5261 1989 5316 1581.
2004 5287 2041 5304 -
2066 5207 2220 5336 Carcasum
2233 5279 2328 5328 ipsum

1401 5346 1493 5411 postea
1505 5333 1633 5389 adversus
1648 5327 1783 5399 Arpinum
1797 5328 1913 5382 multum
1930 5329 2091 5402 disputasse,
2110 5334 2172 5378 satis
2187 5339 2307 5385 constat.

1350 5419 1399 5492 *ἡ
1419 5419 1471 5477 Hic
1484 5433 1573 5473 annus
1586 5413 1621 5467 ah
1633 5419 1745 5467 anctore
1760 5411 1906 5483 apographi
1919 5411 2071 5482 adscriptus
2086 5419 2141 5476 est,
2160 5409 2209 5464 sed
2223 5412 2308 5469 male.

293 3116 375 3175 oro,
402 3106 440 3161 ut
456 3107 570 3162 servet
588 3105 622 3162 et
636 3106 735 3182 regat
749 3089 926 3164 Ecclesiae
941 3119 1023 3165 suae
1037 3095 1221 3189 reliquias:
1245 3108 1285 3166 ut

293 3206 386 3261 certe
400 3195 514 3265 saciet.
555 3193 654 3264 Bene
672 3195 806 3266 valetez-
833 3193 901 3264 Die
915 3194 1130 3271 Palmamm.

796 3291 987 3391 Philippus
1008 3292 1235 3372 Melanthon.

303 3620 372 3692 No.
390 3617 504 3698 8446.

297 3719 509 3756 Μ
654 3804 720 3889 Io.
750 3756 932 3918 Aepino.

363 3964 386 4035 †
407 3963 429 4016 E
446 3961 511 4017 coll.
530 3961 628 4021 Wott.
646 3966 743 4048 llamb.
764 3967 860 4091 [0113.
896 3969 1017 4024 Eandem
1036 3968 1088 4025 sibi
1106 3971 1194 4028 deseri
1215 3984 1285 4030 serat

397 4030 575 4085 Ballenstaedt
592 4052 607 4086 e
625 4035 721 4089 co‘dsce
738 4047 801 4092 mst.
849 4038 974 4095 edelredi
993 4039 1142 4095 stomass‘i
1215 4044 1284 4098 edici

397 4099 577 4183 Nopinberg„
614 4102 641 4155 ui
653 4103 739 4158 codex
754 4124 829 4163 nunc
842 4118 881 4164 est
894 4107 1005 4165 Monac.
1018 4108 1063 4169 90.
1081 4108 1134 4167 No.
1147 4078 1220 4174 Mt..
1238 4113 1284 4166 ubi

397 4171 497 4242 legatur
514 4181 601 4240 epssto
645 4191 674 4245 p.
685 4171 745 4229 419.

296 4660 341 4751 S.
368 4672 414 4748 D.
458 4675 564 4748 Haud
581 4683 689 4753 dubie
706 4698 766 4756 tuo
784 4686 917 4755 iudicio
932 4712 972 4765 ac
988 4702 1111 4778 sponte
1126 4707 1285 4764 amanter

296 4779 516 4870 amplecteris
532 4781 645 4852 virum
664 4787 806 4858 doctum
826 4801 859 4857 et
875 4786 1048 4878 integrum
1064 4790 1119 4862 M.
1137 4787 1282 4865 Iohan-

194 4902 204 4914 ·
297 4907 377 4954 nem
392 4872 587 4954 Garanum.
625 4884 695 4954 Sed
715 4901 830 4958 tamen
844 4902 884 4959 ut
900 4891 1033 4980 gratior
1046 4909 1133 4964 esset
1151 4898 1284 4986 primus

228 4986 233 4995 ’
296 5006 520 5075 congressus,
556 4983 676 5054 literas
694 4988 725 5054 ei
743 4991 843 5076 dedi,
870 4993 964 5084 quod
981 4994 1080 5087 quasi
1099 4998 1284 5088 meipsum

296 5088 548 5158 interfuturum
577 5107 651 5156 esse
678 5089 793 5178 primo
816 5095 974 5164 sermoni
996 5108 1112 5168 vestro
1133 5099 1285 5170 arbitra-

328 5343 359 5412 *)
377 5339 498 5466 113ιέῑὶοι
515 5360 618 5398 nomen
631 5361 689 5399 non
703 5342 791 5412 dedit,
811 5298 859 5400 sed
872 5345 927 5405 sid.
940 5367 983 5422 ep.
996 5351 1029 5406 ad
1041 5351 1102 5410 loa.
1113 5352 1142 5412 d.
1154 5324 1197 5409 14.
1210 5355 1278 5428 Aps.
