4748 6022
166 269 242 347 667

171 442 251 539 quit
272 434 505 517 Northusos,
540 435 624 528 quia
646 434 799 505 reditum
821 431 860 501 in
883 430 1034 524 patriam
1058 441 1167 520 optat.

171 543 312 615 Literae
326 540 500 631 supplices
514 538 557 606 ad
575 536 709 607 Ducem
724 528 956 604 Mouricium
971 543 1053 601 sunt
1069 553 1168 598 verc-

65 718 81 741 a,
93 626 150 665 'fl‘
173 645 289 714 eunde
305 641 470 731 scriptae;
496 638 558 707 sed
573 650 688 735 tamen
705 637 916 719 malueram,
942 631 1078 703 differri
1092 654 1169 700 eam

173 736 343 815 ἱκετείαν.
408 738 542 808 Verum
566 750 729 827 aegrotus
751 737 891 807 animus
912 732 1099 824 impatiens
1119 744 1170 800 est

174 865 305 914 morae.

276 939 538 1010 lllustrissimus
559 937 640 1008 Dux
657 930 846 1030 Augustus
866 948 967 1005 vocat
980 930 1171 1002 Doctorem

174 1035 378 1113 Maiorem.
428 1039 469 1111 Si
492 1041 572 1109 ideo
589 1052 750 1122 vocatur,
778 1052 816 1107 ut
829 1037 870 1104 in
885 1039 1001 1106 locum
1018 1025 1173 1102 Antonii

175 1137 314 1215 Mosae
337 1154 540 1229 surrogetur
557 1135 605 1232 ⁴),
642 1140 795 1209 libenter
818 1137 869 1205 ibi
892 1135 1020 1206 serviet
1040 1133 1172 1203 Doctor

177 1237 371 1335 Georgius.
432 1239 523 1309 Nam
555 1243 648 1330 apud
683 1237 777 1310 Cels.
803 1235 847 1310 V.
872 1238 991 1305 vivere
1021 1233 1171 1302 maxime

177 1357 286 1436 optat.
319 1340 410 1412 Cum
426 1341 534 1430 igitur
548 1340 617 1408 iam
631 1352 773 1408 vocatus
786 1339 831 1405 sit
845 1360 863 1405 a
878 1337 976 1407 Duce
993 1329 1171 1426 Augusto,

177 1467 261 1528 oro,
291 1456 332 1513 ut
344 1440 436 1514 Cels.
452 1440 496 1513 V.
513 1440 617 1509 etiam
637 1463 717 1508 eum
738 1453 855 1521 vocet,
886 1451 919 1507 et
934 1460 989 1506 res
1003 1461 1044 1503 eo
1059 1435 1172 1502 dedu-

178 1557 288 1628 catur,
312 1558 353 1614 ut
366 1536 528 1610 Antonio
540 1552 754 1628 surrogetur,
774 1562 877 1630 quem
893 1540 1009 1608 locum
1026 1532 1172 1603 honeste

176 1645 270 1714 tueri
287 1645 427 1734 poterit.
476 1635 822 1711 Northusae1547.”
854 1725 860 1730 .

187 1830 376 1842 ——a--uu

175 1931 243 2005 No.
257 1931 368 2007 8908.

186 2027 358 2058 m

1013 1941 1072 2002 tt.
1086 1929 1157 1996 lun.

998 2022 1168 2054 w

561 2079 610 2169 P.
643 2081 794 2166 Ebero.
868 2134 880 2150 ·

244 2240 328 2314 Epist.
344 2238 391 2296 lib.
406 2238 441 2299 ll.
459 2257 486 2310 p.
500 2237 559 2296 188.
575 2240 651 2311 (edit.
667 2240 759 2300 Loud.
779 2239 826 2295 lib.
839 2240 873 2297 ll.
891 2258 934 2312 ep.
947 2237 1027 2307 124.).

470 2390 525 2469 D.
551 2389 701 2466 Paulo
733 2393 884 2465 Ebero

176 2523 224 2612 S·
249 2538 295 2610 D.
344 2534 562 2609 Omittamus
578 2542 749 2632 querelas,
773 2554 807 2610 et
823 2542 865 2610 iis
881 2564 946 2610 nos
961 2541 1173 2611 consolatio·

176 2642 285 2710 nibus
301 2653 553 2719 sustentemus,
582 2665 668 2732 quas
683 2641 778 2710 Deus
794 2666 835 2710 cx
851 2666 978 2711 arcano
992 2642 1075 2711 sinu
1089 2667 1172 2732 pro-

175 2740 266 2810 latas
280 2735 457 2810 Ecclesiae
483 2741 651 2826 tradidit,
678 2766 718 2810 ac
739 2755 931 2811 statuamus
953 2767 1009 2810 eas
1025 2767 1098 2812 esse
1111 2768 1173 2810 ve-

176 2864 236 2910 ras
254 2853 287 2907 et
304 2840 473 2920 efficaces,
498 2865 563 2910 nec
580 2842 697 2910 inania
716 2866 788 2910 esse
809 2835 1008 2934 θελκτήρια
1029 2838 1053 2936 ἢ
1074 2868 1173 2936 cepa-

176 2936 340 3032 τίσματα
348 2992 359 3024 ,
387 2956 425 3010 ut
438 2938 606 3031 Epicurei
619 2943 788 3014 iudicant.
820 2943 905 3011 Misi
920 2947 965 3012 ad
977 2968 1040 3013 vos
1053 2969 1171 3012 meum

179 3065 376 3124 cursorem,
405 3041 568 3133 quicum
592 3045 635 3111 ad
659 3068 715 3111 me
735 3067 807 3111 nou
825 3045 984 3128 redierit,
1016 3044 1173 3114 fortassis

177 3166 243 3212 nec
266 3145 394 3211 advos
418 3143 571 3214 accessit.
622 3139 765 3232 Opinor
788 3139 974 3237 δραπέτην
988 3146 1118 3215 factum
1134 3145 1172 3212 in

178 3243 299 3311 castris
319 3243 440 3331 vagari
461 3257 606 3333 propter
627 3244 815 3313 licentiam.
865 3244 935 3315 Sed
953 3269 1010 3313 me
1026 3247 1172 3317 omnino

179 3343 334 3433 colloqui
357 3343 540 3411 vobiscum
561 3367 699 3412 necesse
723 3358 790 3427 est,
815 3369 854 3413 ac
877 3348 999 3414 advos
1016 3368 1173 3415 accessu-

177 3465 239 3511 rus
262 3463 351 3513 snm.
400 3439 449 3511 Et
469 3443 629 3533 quamvis
652 3445 718 3512 iter
740 3445 877 3533 ingredi
899 3447 999 3515 brevi
1014 3447 1172 3516 decrevi-

177 3565 276 3624 mus,
310 3553 427 3610 tamen
448 3566 529 3608 mox
551 3543 611 3608 ubi
635 3538 726 3611 hanc
738 3541 951 3634 Epistulam,
983 3572 1090 3638 quam
1107 3542 1173 3615 Io-

176 3635 320 3710 hannes
333 3636 469 3732 oBerg
484 3665 523 3708 ex
538 3635 662 3709 Desso
678 3645 823 3727 miserit,
842 3648 1026 3736 acceperis,
1043 3670 1172 3740 quaeso

176 3756 218 3812 ut
232 3767 311 3813 meo
328 3755 472 3832 sumptu
489 3742 604 3811 mittas
617 3743 838 3812 tabellarium
855 3741 985 3815 isthinc
997 3750 1042 3817 ad
1055 3743 1174 3820 Nort-

177 3835 306 3915 husen.
370 3839 418 3911 Et
452 3842 612 3933 quamvis
652 3858 794 3935 propter
830 3846 1049 3916 obsidionem
1084 3850 1173 3918 arcis

145 3982 151 3993 ι
176 3937 497 4038 Monsseldionoe
518 3966 614 4013 nunc
626 3966 690 4034 per
707 3944 846 4015 Salinas
861 3960 896 4018 et
909 3942 1089 4038 Islebiam
1106 3950 1173 4019 iter

175 4045 290 4114 facere
313 4042 548 4132 periculosum
570 4057 636 4111 est:
666 4059 784 4114 tamen
800 4062 854 4117 eat
870 4072 931 4138 per
946 4042 1121 4144 Iar'psiom
1138 4064 1172 4120 et

175 4139 484 4236 Noomdurgum,
509 4167 548 4210 ac
566 4145 693 4212 deiude
711 4148 871 4217 deflectat
887 4152 930 4218 ad
946 4175 1022 4219 nos.
1073 4151 1171 4222 Scri·

175 4245 247 4337 psit
266 4249 313 4315 ad
334 4245 477 4313 medus
499 4236 829 4337 Wirtedergerssss,
856 4251 1039 4321 acadduci
1053 4254 1171 4343 plures

176 4345 286 4418 iubet.
337 4345 562 4436 Scripserunt
575 4359 610 4415 et
624 4345 685 4414 alii
701 4361 740 4417 ut
755 4373 869 4417 coram
884 4352 1049 4426 narrabo.
1100 4353 1169 4424 Sed

177 4468 241 4535 ego
261 4441 377 4515 adhuc
390 4446 504 4534 cogito
521 4448 564 4515 de
577 4447 783 4534 colligendis
800 4451 927 4519 tabulis
944 4449 1058 4525 isthic.
1106 4453 1170 4524 Sa-

177 4546 287 4614 lutem
303 4560 385 4636 opto
401 4543 449 4617 R.
467 4539 634 4632 Pastori,
660 4540 874 4642 Crucigero,
899 4550 1060 4636 Medico,
1084 4553 1172 4626 Dia-

179 4646 298 4729 couis,
317 4646 454 4714 consuli
470 4642 663 4718 Ambrosio
677 4663 712 4718 et
724 4651 832 4722 affini.
881 4650 949 4722 Die
968 4650 1148 4726 11.1unti.

184 4767 404 4781 -ι-σο--ύ-

250 4835 350 4902 prunos
367 4816 505 4870 obtulisse.
539 4817 640 4874 Scribit
656 4822 744 4874 enims
772 4821 839 4894 „Ne
851 4833 941 4876 autem
955 4823 1065 4879 interim
1080 4825 1172 4879 ociosa

248 4903 280 4940 sn
299 4887 360 4968 foro
377 4893 427 4953 stet
444 4885 605 4964 praestantia
622 4897 682 4959 tua,
707 4908 771 4943 ecce
789 4889 878 4944 offero
894 4890 934 4944 illi
952 4891 1014 4945 satis
1031 4894 1170 4948 honestam

250 4954 434 5011 condutionem
456 4950 681 5009 llrldesbemeusis
702 4977 799 5025 nempe
818 4959 969 5032 Ecclesiae,
993 4960 1173 5033 superinten-

250 5021 490 5103 dendum-quam
512 5022 554 5073 vel
571 5030 625 5072 tarn
640 5023 684 5074 diu
699 5024 807 5077 interim
824 5029 945 5099 accipere
962 5030 1061 5101 possit,
1083 5031 1173 5085 donec

248 5090 282 5146 sd
305 5109 380 5143 suam
399 5100 496 5142 aterum
518 5098 642 5142 revocata
662 5091 742 5146 fuerit
763 5092 919 5149 Hsllensem
939 5097 1117 5152 Ecclesiam.''
1138 5126 1172 5140 -

249 5159 317 5212 ltem
338 5168 391 5210 tres
410 5157 537 5210 babemus
549 5156 673 5227 epistolas
689 5160 806 5214 Medleri
818 5162 850 5214 sd
866 5164 961 5220 lonsrn
976 5184 1067 5220 mense
1079 5166 1171 5238 septb.

251 5236 279 5280 et
292 5227 364 5280 Nor.
380 5224 452 5278 1618.
468 5225 595 5294 scriptas,
621 5226 666 5278 ubi
688 5225 716 5281 in
735 5227 912 5297 inscriptione
930 5233 1059 5318 leguntur
1074 5235 1172 5294 verber

249 5296 342 5368 „lusto
359 5295 452 5356 lonae,
471 5293 653 5348 Hildess'onoe
666 5295 805 5353 Ecclesiae
818 5298 999 5368 menerual·

213 5383 248 5449 4)v
261 5381 278 5435 i.
290 5397 316 5434 e.
331 5376 538 5447 Merseburgum
552 5388 707 5436 vocaretur.

761 253 1202 337 EPISTOLARUM
1259 252 1367 329 LlB.
1397 249 1443 324 X.
1496 243 1627 324 1547.

2138 229 2220 306 888

1944 413 2020 491 (r...
2034 412 2097 472 r...
2112 409 2229 492 temp.)

1962 504 2223 542 w

1567 567 1693 648 iusto
1717 549 1875 646 Manio.

1291 729 1365 797 Ι1111
1384 724 1551 797 autographo
1565 721 1685 805 Philippi
1704 720 1732 774 in
1751 720 1813 776 cod.
1828 717 1912 772 Goth.
1928 710 1990 773 881.
2007 714 2035 769 in
2053 715 2103 773 tot.
2139 712 2227 769 Periit

1326 797 1421 851 ultima
1436 813 1499 864 pars
1509 792 1635 863 epistolae
1648 790 1726 843 simul
1741 808 1804 843 cum
1816 787 2004 854 inscriptione.
2035 783 2142 853 Scripta
2156 799 2226 835 vero

1325 873 1366 919 est
1379 863 1453 917 lusto
1469 863 1570 924 Mento,
1588 869 1613 912 et
1627 859 1736 929 quidem
1751 879 1781 912 ex
1795 855 1897 929 oppido
1911 854 2056 908 Nordhuss
2068 869 2133 906 aun.
2147 850 2225 904 1547.

1560 1009 1699 1085 Iusto
1724 1009 1888 1085 Manio

1224 1147 1266 1240 S.
1290 1164 1336 1240 D.
1387 1163 1478 1236 Cum
1500 1185 1603 1232 verae
1625 1161 1881 1230 consolationes
1901 1157 2058 1249 prolatae
2080 1180 2120 1226 ex
2140 1157 2224 1226 sinu

1225 1268 1358 1338 aeterni
1373 1267 1481 1358 patris
1495 1264 1563 1333 tihi
1579 1277 1683 1332 notae
1697 1261 1788 1347 sint,
1813 1281 2025 1349 magnopere
2038 1272 2072 1329 te
2085 1253 2224 1326 adhor-

1226 1383 1299 1453 tor,
1324 1382 1382 1449 ut,
1408 1366 1503 1459 quod
1527 1364 1631 1446 facis,
1656 1386 1775 1431 earum
1798 1360 2006 1448 cogitatione
2020 1359 2180 1427 animum
2199 1381 2222 1427 a

1224 1469 1397 1539 moestitia
1421 1468 1592 1550 abducas,
1615 1487 1695 1533 cum
1718 1477 1777 1532 tua
1798 1484 1919 1545 causa,
1943 1473 2016 1531 tum
2031 1482 2113 1527 vero
2130 1483 2222 1548 pro-

1225 1585 1303 1661 pter
1316 1567 1508 1638 Ecclesiam
1527 1579 1624 1635 tuam
1638 1563 1884 1645 domesticam,
1911 1561 2059 1652 denique
2075 1573 2109 1626 et
2123 1555 2219 1627 hanc

1225 1673 1272 1740 ob
1296 1692 1457 1748 causam,
1480 1680 1521 1735 ut
1545 1679 1603 1734 tua
1624 1666 1712 1732 fides
1733 1677 1768 1733 ct
1791 1663 1900 1730 animi
1923 1661 2151 1753 aequabilitas
2172 1660 2220 1726 sit

1223 1763 1338 1850 τύπος
1358 1770 1437 1839 aliis
1458 1768 1543 1857 piis,
1574 1780 1614 1836 ut
1634 1766 1733 1834 iubet
1750 1762 1900 1845 Paulus,
1925 1787 1970 1834 ne
1992 1774 2139 1851 propter
2159 1755 2225 1827 has

1225 1872 1436 1941 calamitates
1456 1867 1631 1955 cogitent,
1665 1879 1801 1935 nostrae
1820 1860 1992 1933 Ecclesias
2017 1885 2036 1929 a
2060 1859 2136 1930 Deo
2159 1861 2224 1927 ab·

1226 1974 1331 2042 iectas
1347 1994 1438 2051 esse,
1464 1971 1525 2036 sed
1543 1968 1687 2035 credant
1703 1965 1771 2056 ipsi
1789 1988 1929 2057 quoque
1942 1985 2016 2031 sese
2033 1963 2099 2029 deo
2118 1983 2222 2030 curae

1226 2096 1298 2143 esse
1312 2073 1415 2142 etiam
1430 2070 1469 2137 in
1483 2063 1539 2136 his
1554 2067 1750 2150 aerumnis,
1770 2080 1812 2137 ut
1824 2064 2003 2155 promisit,
2030 2086 2066 2130 se
2082 2055 2223 2130 habita·
2276 2067 2279 2071 ’

1226 2189 1346 2245 turum
1370 2194 1443 2240 esse
1465 2170 1502 2236 in
1522 2169 1691 2251 adflictis,
1724 2166 1889 2259 quicum
1913 2166 2093 2232 invocant.
2150 2161 2222 2230 Nec

1226 2275 1371 2356 dubito,
1397 2284 1600 2338 sanaturum
1624 2293 1695 2336 esse
1716 2281 1835 2336 nostra
1850 2266 2011 2336 vulnera.
2062 2260 2138 2333 Cur
2155 2263 2223 2330 im-

1225 2375 1321 2466 peria
1337 2384 1463 2454 mittet,
1490 2370 1566 2460 ipse
1579 2369 1659 2450 scit,
1684 2381 1718 2435 et
1731 2368 1887 2436 fortassis
1904 2367 2104 2457 aliquorum
2122 2364 2222 2454 priu-

1226 2477 1342 2566 cipum
1358 2464 1572 2566 κουφότητα
1588 2471 1663 2537 vnlt
1680 2468 1795 2557 palam
1810 2468 1897 2545 fieri,
1924 2480 1961 2535 ut
1976 2466 2136 2545 sciamus,
2161 2485 2221 2531 eos

1225 2600 1290 2644 nec
1313 2598 1385 2641 esse
1408 2597 1472 2641 nec
1489 2572 1594 2639 fuisse
1612 2568 1785 2661 praesidio
1806 2565 1991 2638 Ecclesiae.
2041 2563 2109 2634 Sed
2132 2559 2221 2630 haec

1225 2677 1406 2768 aliquanto
1426 2685 1505 2761 post
1523 2684 1667 2739 eventus
1681 2670 1852 2741 ostendet.
1903 2665 2003 2755 Quod
2021 2664 2220 2752 interrogas

1225 2780 1269 2846 de
1291 2789 1382 2845 statu
1397 2771 1573 2842 Ecclesiae
1594 2773 1632 2839 in
1655 2769 1787 2859 oppido
1807 2778 1886 2839 meo
1903 2768 1946 2837 ad
1963 2761 2104 2856 albim,
2131 2765 2221 2834 scito

1225 2902 1281 2945 me
1305 2888 1460 2944 recentes
1482 2873 1601 2942 literas
1622 2895 1642 2940 a
1658 2865 1812 2939 Pastore
1832 2883 1866 2938 et
1883 2895 1901 2938 a
1919 2861 2112 2960 Crucigero
2127 2879 2162 2937 et
2178 2866 2223 2932 ab

1225 2979 1305 3048 aliis
1320 2975 1511 3063 accepisse,
1536 2996 1624 3065 quae
1639 2985 1795 3054 narrant,
1821 2971 1955 3039 nullam
1971 2969 2024 3036 ibi
2041 2967 2224 3035 doctrinae

1226 3092 1287 3149 aut
1318 3067 1596 3147 ceremoniarum
1631 3072 1861 3142 mutationem
1890 3072 2016 3138 factam
2041 3090 2131 3147 esse,
2165 3089 2222 3133 me

1226 3203 1367 3272 quoque
1382 3188 1574 3253 revocant.
1592 3187 1625 3242 et
1639 3185 1798 3261 sperant,
1824 3171 1963 3240 tabulas
1978 3169 2113 3261 aliquas
2130 3163 2221 3236 Aca-

1226 3283 1373 3357 demiae,
1394 3299 1597 3369 quanquam
1613 3298 1652 3341 ex
1668 3273 1760 3343 tristi
1774 3273 1967 3360 naufragio,
1983 3270 2094 3360 recipi
2111 3289 2220 3359 posse.

1226 3379 1348 3473 anue
1372 3379 1415 3446 de
1438 3401 1474 3446 re
1499 3377 1614 3468 ipsum
1638 3375 1815 3465 captivum
1839 3372 2053 3463 principem,
2087 3393 2165 3439 cum
2181 3367 2219 3436 in

1226 3481 1357 3571 oppido
1388 3478 1474 3561 fuit,
1508 3475 1772 3548 consuluerunt.
1832 3470 2010 3543 Accedere
2039 3471 2148 3560 igitur
2175 3470 2220 3537 ad

1226 3604 1285 3650 eos
1301 3579 1450 3662 decrevi,
1474 3591 1514 3646 ut
1529 3577 1801 3646 deliberationes
1816 3599 1937 3642 eorum
1954 3572 2107 3641 audiam.
2132 3567 2221 3640 Nam

1226 3696 1260 3750 et
1282 3681 1433 3767 collegae
1456 3678 1599 3769 quidam
1625 3701 1678 3743 mc
1695 3686 1891 3763 expectant,
1916 3688 1956 3744 ut
1970 3675 2013 3741 de
2027 3672 2101 3740 suis
2115 3671 2219 3740 rebus

1225 3804 1363 3851 mecum
1380 3778 1587 3848 deliberent.
1630 3774 1764 3844 Tecum
1781 3775 1928 3843 omnino
1946 3775 2128 3864 colloquar
2143 3769 2217 3840 Deo

1225 3885 1387 3964 iuvante,
1422 3879 1625 3970 priusquam
1655 3899 1693 3943 ex
1726 3870 1782 3942 his
1805 3875 2008 3965 regionibus
2030 3871 2217 3942 discedam.

1224 3982 1328 4059 Nunc
1343 4004 1425 4048 vero
1443 3975 1510 4047 hoc
1527 3978 1631 4046 etiam
1646 3976 1711 4044 tihi
1727 3976 1995 4062 significandum
2013 3971 2118 4055 duxi,
2142 3971 2219 4039 val-

1224 4087 1267 4152 de
1287 4107 1344 4150 me
1365 4105 1483 4162 orare,
1514 4093 1553 4148 ut
1574 4081 1712 4147 secedas
1735 4077 1775 4145 in
1795 4076 1965 4167 oppidum
1985 4068 2221 4156 Isennocssm,

1223 4198 1284 4254 aut
1314 4175 1549 4252 Ws'mariom
1580 4191 1724 4269 propter
1751 4177 1924 4263 pericula,
1959 4199 2046 4266 quae
2074 4186 2221 4265 propter

1222 4285 1437 4376 praesidium
1468 4279 1587 4351 Caroli
1620 4276 1682 4349 lm.
1709 4270 1870 4346 Gottlsoe
1902 4277 2003 4367 plura
2030 4276 2220 4345 metuenda

1223 4399 1323 4469 sunt,
1349 4408 1453 4478 quam
1469 4382 1555 4450 alibi
1570 4373 1621 4467 ll).
1674 4375 1832 4447 Genesin
1849 4391 1944 4447 tuam
1962 4376 2059 4457 novi,
2084 4389 2118 4446 et
2133 4376 2219 4444 nolo

1225 4510 1367 4577 prorsus
1395 4505 1517 4554 omnes
1544 4480 1622 4546 illas
1641 4492 1816 4549 astrorum
1840 4478 2112 4567 significationes
2132 4501 2221 4545 con-

1223 4589 1354 4670 temni,
1379 4609 1458 4656 eum
1481 4581 1587 4650 officii
1605 4580 1695 4649 ratio
1711 4581 1889 4659 concedit,
1915 4598 1954 4648 ut
1968 4578 2073 4646 nobis
2089 4600 2221 4646 consu-

1224 4690 1349 4758 lamus.
1397 4682 1446 4753 Et
1466 4682 1532 4752 tibi
1547 4683 1691 4751 concedi
1710 4681 1840 4754 iudico.
1891 4679 2036 4750 Utinam
2053 4675 2221 4774 captivus

1224 4781 1394 4879 Princeps
1432 4807 1507 4852 non
1541 4783 1805 4872 contempsisset
1835 4780 2108 4869 significationes
2139 4779 2220 4849 illas

1221 422 1288 496 No.
1304 424 1420 498 8909.

1230 519 1401 549 m

1216 4884 1403 4979 ¹phvsicas,
1428 4907 1518 4976 quae
1540 4884 1578 4951 in
1600 4885 1676 4953 eius
1697 4883 1815 4971 genesi
1835 4896 1918 4953 sunt
1936 4906 2010 4949 non
2026 4878 2218 4950 obscurae!

1224 4966 1339 5061 Deum
1354 5001 1549 5071 aeternum,
1564 4999 1697 5076 patrem
1713 4984 1850 5054 domini
1865 4983 1978 5052 nostri
1994 4979 2072 5051 lesu
2085 4977 2222 5053 Christi

1241 5121 1448 5140 w

1257 5177 1286 5243 θ)
1303 5176 1414 5230 Miserat
1430 5171 1528 5227 Caesar
1542 5174 1675 5227 Lassrom
1691 5169 1883 5235 Schwendium
1904 5171 2126 5256 cornUpraesidio
2144 5171 2220 5228 ruili-

1292 5241 2221 5381 litati:fttd‘tlttt't.illdldttllttlllss‘tttitat

1293 5380 1357 5436 b'id.
1372 5379 1491 5436 Sieidan.
1510 5396 1537 5449 p.
1549 5379 1610 5435 582.
