4748 6022
20 222 25 229 ’
65 279 112 357 η
512 328 517 336 ,
666 275 1109 355 rr1sronanou
1166 277 1274 357 nto.
1304 281 1350 354 x.
1402 280 1533 362 1546.
2060 294 2111 365 oo

66 473 228 525 sororem
253 464 366 521 servet
385 450 620 536 incolumem,
648 464 682 521 et
699 452 841 522 adiuvet
857 464 899 522 ut
920 451 1069 521 feliciter
1117 466 1219 522 tuum
1241 451 1405 528 Domine.
1462 454 1655 547 Neperdas
1678 483 1759 532 cum
1781 462 1902 556 impiis
1919 462 2108 538 Deusani·
2156 457 2160 468 ’

66 554 196 647 μυῖαι.
245 549 429 622 Postremo
447 576 553 641 rogo,
585 567 627 627 ut
642 552 747 649 telam
763 549 854 621 mihi
866 556 909 622 ad
933 552 1068 623 facien·
1116 577 1209 623 mam
1226 578 1352 631 meam.
1392 553 1489 626 Haec
1506 558 1571 627 etsi
1587 561 1724 652 aspides
1739 563 1821 635 illae
1837 569 1963 637 surdae
1981 572 2110 644 nolunt

67 658 156 727 dom
169 649 353 725 thoracem
370 667 404 724 et
421 656 548 745 caligas
564 656 694 725 mittas.
746 653 844 725 Bene
860 656 951 725 vale.
1117 657 1257 741 audire,
1283 669 1402 729 tamen
1423 681 1489 728 uos
1505 661 1707 743 audiamus,
1740 679 1775 737 et
1788 669 1979 755 gubernari
1994 685 2029 755 et
2045 676 2108 743 de-

1114 757 1214 826 lendi
1229 781 1294 828 nos
1311 781 1331 827 a
1346 756 1422 828 Deo
1439 783 1639 850 precemur,
1665 765 1755 835 sicut
1771 767 1809 836 in
1823 764 2008 842 Ezechiele
2024 800 2109 867 pro-

1115 859 1288 945 mittitur,
1322 861 1385 930 ubi
1408 860 1505 932 Deus
1527 878 1707 935 sumturus
1730 890 1861 957 poenas
1887 874 1930 941 de
1947 881 2108 948 sacerdo-

77 843 259 857 Μ
852 845 898 854 ..ω
904 845 1061 855 -ι-κ--α-ι

13 1028 19 1047 ‚
68 952 135 1027 No.
153 950 266 1024 3431.
814 958 1066 1038 (teremlllart)
1115 960 1230 1046 tibus,
1256 974 1290 1030 et
1308 963 1461 1054 populo,
1496 964 1594 1035 iubet
1610 968 1749 1059 excerpi
1766 984 1800 1042 et
1816 975 1948 1043 servari
1964 999 2106 1065 gemen-
2163 1044 2168 1057 ‚

74 1049 252 1080 νυν
837 1052 1049 1103 “³⁴“
1114 1074 1167 1130 tes
1192 1077 1336 1154 propter
1357 1063 1475 1149 idola,
1508 1092 1577 1159 qua
1609 1070 1844 1162 descriptione
1867 1076 2107 1151 misericordia

439 1144 684 1256 Pratfffalio.
1115 1160 1184 1232 Dei
1216 1165 1363 1233 mirifice
1396 1170 1674 1240 commendatur
1736 1172 1917 1263 Significat
1945 1202 1981 1251 n.
2011 1179 2108 1251 Deus

135 1307 276 1363 Praelatio
295 1306 363 1360 l'bil.
384 1306 452 1361 Mel.
472 1307 616 1376 praemissa
637 1308 722 1361 libros
747 1307 891 1379 disputatio
916 1309 949 1361 de
970 1307 1066 1360 matri·
1115 1265 1246 1341 mullos
1270 1289 1359 1348 esse,
1391 1266 1451 1359 ‘lul
1477 1292 1557 1337 cum
1583 1271 1685 1363 impll
1710 1286 1851 1346 leneiffll
1867 1280 2105 1367 gllbssfflflcllld

172 1375 267 1429 monio
292 1386 387 1431 contra
411 1375 497 1446 legem
523 1376 689 1446 pontificiam
715 1376 749 1429 de
773 1379 919 1432 coelibatu.
964 1382 1067 1429 Antore
1116 1379 1151 1435 el
1167 1367 1376 1437 antecellant
1390 1372 1566 1461 polenlla,
1594 1397 1668 1441 non
1689 1376 1825 1465 possint
1838 1381 1979 1451 abolere
1997 1381 2106 1458 ldola.

175 1442 1066 1584 ,ilaii'l‘b‘ecfii'bii‘ltaiifiil'i'abillilnil.⁰iv'ill
1116 1464 1183 1547 Hi,
1210 1467 1380 1537 stramen
1406 1470 1537 1559 gemitu
1564 1477 1772 1563 ⁰⁸l⁰¹¹d³¹¹¹2
1807 1482 1977 1552 redolere
1992 1485 2104 1555 vicem

175 1581 299 1700 scherpa
322 1599 394 1633 anno
423 1581 464 1632 M.
478 1581 514 1637 D.
531 1581 625 1636 xtvt.
649 1583 675 1647 (t
695 1581 760 1644 sot.)
791 1583 817 1635 8.
858 1582 967 1650 (theses
994 1584 1065 1653 ipsae
1115 1564 1311 1654 Ecclesiae,
1349 1583 1384 1639 et
1407 1595 1526 1661 veram
1558 1577 1775 1664 doctrinam,
1808 1595 1843 1652 et
1861 1606 1979 1652 veram
2001 1587 2106 1657 invo.

174 1648 1065 1790 gssiffigffisslll‘d'nfpfflss‘5¹1⁰fi'mffnuzf'cfflujcffl‘ssffllg'ffp
1115 1671 1290 1740 cationem
1315 1696 1451 1753 amare,
1478 1677 1614 1771 excerpi
1637 1701 1673 1748 se
1688 1680 1800 1751 sciant
1819 1707 1859 1749 ex
1875 1687 2106 1760 multitudine

519 1852 526 1870 ,
641 1853 648 1869 .
906 1836 912 1843 .
1115 1795 1317 1861 impiorum,
1343 1796 1388 1841 ne
1404 1799 1483 1847 cum
1501 1777 1550 1867 eis
1565 1794 1719 1869 pereant.
1771 1780 1876 1853 Tales
1891 1791 2105 1862 consolatio-

274 1879 278 1898 ¹
348 1847 546 1951 Pm‘s⁰¹¹⁰
569 1847 673 1922 PM·
699 1849 793 1923 Md·
1115 1894 1176 1939 nes
1197 1875 1326 1943 multas
1348 1877 1518 1965 proponit
1536 1875 1653 1965 Deus,
1689 1882 1820 1974 quibus
1844 1908 1880 1954 sc
1895 1891 2105 1965 confirment

73 1974 254 2093 Quaeres
272 1993 492 2064 occasionem
509 1990 725 2082 praebuerit,
748 1985 1065 2061 uthaetamaccu-
1116 1971 1223 2093 ἔξω-ἰν
1257 1996 1301 2041 Πθ
1326 1974 1427 2073 smil
1442 1976 1654 2066 pertinacia,
1686 1984 1870 2073 superbla,
1902 1990 2104 2079 ῑῐῐὸῡῖθῦῐῐθ,

76 2113 163 2173 ratae
189 2095 386 2181 sententiae
409 2096 619 2177 ederentur,
652 2092 752 2183 prius
765 2094 983 2162 narrandum
1003 2108 1065 2179 est,
1112 2069 1255 2190 υβθεῑν,
1273 2087 1307 2192 ῗῑ
1330 2077 1525 2193 teffffflbus
1548 2093 1751 2170 P⁰l⁰¹¹ll¹ffli
1790 2109 1912 2158 mmm
1945 2093 2102 2164 furorem

76 2215 110 2275 ut
125 2196 301 2273 libentius
325 2196 508 2285 legantur,
542 2207 577 2262 et
599 2207 638 2264 ut
653 2194 768 2263 bonae
783 2207 917 2264 mentes
933 2195 1062 2263 confir.
1113 2185 1147 2253 et
1164 2190 1345 2292 saevitiam
1360 2178 1538 2252 adiuvent.
1564 2178 1646 2251 Non
1662 2184 1787 2255 dttbito
1806 2190 1974 2283 tantisper
1988 2191 2102 2266 Deum

78 2312 232 2383 mmm,
264 2310 297 2366 et
318 2298 510 2386 gaudeam,
546 2318 582 2363 ,e
602 2319 675 2363 non
698 2295 1062 2364 adiuvaresaevffigm
1112 2270 1286 2393 Ecclespas
1303 2291 1439 2346 nostras
1457 2279 1685 2353 defensurum
1703 2310 1794 2371 esse,
1818 2291 1929 2361 donec
1945 2299 2101 2367 studium

80 2399 340 2475 ioimtissimam
363 2421 503 2476 corum,
537 2397 598 2490 qui
624 2393 741 2466 adhuc
766 2420 869 2488 vagas
892 2397 1062 2467 libidines
1112 2399 1150 2444 tn
1166 2376 1395 2459 nobrsrecte,
1422 2381 1561 2468 dextre,
1588 2386 1644 2472 pie
1659 2387 1810 2457 docendi
1824 2387 2009 2484 Evangelii
2025 2401 2102 2472 erit.

61 2510 106 2577 jer
145 2500 252 2573 ldola
297 2499 489 2591 impiorum
536 2498 812 2568 sacrificulorum
856 2500 1062 2569 defendunt.
1111 2475 1210 2547 35⁰¹st
1228 2476 1551 2573 fill¹1⁵Delissq¹¹l¹³
1579 2484 1803 2557 Mffllssffflleffl
1827 2498 1919 2584 apud
1945 2522 2025 2567 eum
2049 2504 2103 2570 fa-

79 2604 193 2697 liuper
213 2602 434 2686 adolescens,
473 2613 576 2669 natus
601 2599 639 2669 in
665 2600 829 2691 coniugio
854 2596 1003 2670 honesto
1027 2615 1062 2670 et
1111 2579 1253 2651 demus·
1311 2581 1422 2698 sltem
1449 2597 1566 2652 ³⁰l⁰m
1590 2601 1625 2657 θῑ
1650 2587 1876 2680 prineil)ibus
1904 2599 1972 2687 Ρῐῐθ
1998 2626 2102 2672 curat·

79 2708 128 2800 ,5⁰
149 2703 342 2775 sacerdotis
364 2698 599 2791 Evangelium
632 2702 808 2788 docentis,
848 2702 973 2793 petivi,
992 2702 1061 2793 sibi
1110 2677 1282 2761 futurum,
1301 2695 1342 2751 ut
1356 2683 1438 2752 allae
1452 2686 1591 2775 aspides
1606 2690 1643 2757 in
1663 2685 1718 2759 bis
1733 2695 1948 2781 regionibus,
1975 2705 2036 2772 ubi
2049 2718 2101 2775 tot
2207 2691 2211 2700 ¹

81 2806 251 2881 minae
266 2804 525 2889 testimonium,
556 2827 628 2875 una
651 2828 731 2887 cum
756 2804 878 2875 ceperis
901 2800 1061 2875 honestis
1109 2796 1358 2901 geptesveram
1375 2786 1573 2857 doctrinam
1589 2793 1753 2882 probant,
1774 2800 1916 2868 tandem
1931 2802 2098 2898 strycltno

80 2908 240 2981 ttdoctis
263 2907 451 2977 iuvenibus
479 2905 590 2975 tribui
616 2900 659 2974 ⁴iu
686 2901 877 2993 Academia
897 2902 1060 2999 Erphor-
1109 2884 1464 2976 01)ῑ“ῑ()3()Ρ’ῑ“ῑῑῑΠ·
1664 2912 1668 2918 ’

80 3013 193 3095 dana,
225 3009 494 3080 renunciatione
521 3009 650 3097 gradus
674 3006 871 3098 Magisterii
894 3004 1060 3077 Pbiloso-
1396 3062 2104 3094 Μ

79 3108 181 3207 pbici,
215 3126 259 3181 ut
279 3123 416 3179 vocant.
472 3106 580 3178 Hunc
601 3110 768 3179 nonnulli
791 3112 952 3179 ardentes
975 3110 1058 3179 odio
1128 3167 1140 3197 ,

79 3236 164 3285 cerae
182 3210 391 3293 doctrinae,
417 3209 659 3299 repellendum
675 3234 694 3278 a
710 3212 821 3299 gradu
838 3224 1060 3294 censuerunt,
1109 3165 1307 3290 Q·
1964 3200 1996 3259 5·
2013 3194 2087 3277 Api.

79 3328 205 3387 tantum
231 3307 324 3380 hanc
344 3311 391 3381 ob
414 3332 573 3394 causam,
606 3312 702 3403 quod
717 3312 978 3381 natusessetin
995 3310 1060 3382 Sa·
1474 3333 1513 3417 L
1544 3332 1616 3418 Su·
1649 3341 1730 3422 eppo

79 3414 219 3487 rcrdotis
246 3411 423 3501 coniugio.
483 3406 649 3483 Offendit
672 3406 758 3482 haec
781 3412 912 3481 iniuria
933 3427 967 3482 et
985 3436 1061 3481 sae·
1610 3367 1647 3451 g
1732 3405 1742 3426 ⁰

80 3519 152 3588 vitia
175 3514 310 3585 multos
332 3508 501 3582 honestos
522 3508 683 3582 homines
707 3513 745 3582 in
761 3537 800 3583 ea
816 3514 903 3582 urbe
918 3527 952 3582 et
968 3509 1060 3584 Aca-

80 3618 203 3702 mia,
243 3628 284 3686 ,11
315 3626 592 3686 consentaneum
614 3629 675 3683 est.
741 3613 902 3706 suntque
926 3615 1060 3684 delibe.
1109 3588 1334 3669 Clarissimo
1351 3597 1673 3717 pronunciatione
1690 3617 1721 3676 et
1739 3607 1867 3685 virtute
1878 3629 2097 3714 praestanti,

81 3721 224 3790 rationes
248 3716 297 3787 ita
320 3717 438 3786 variae
462 3728 616 3799 secutae,
656 3727 696 3784 ut
719 3739 760 3783 eo
783 3727 942 3805 tempore
971 3717 1061 3785 ritus
1108 3695 1162 3772 D·
1190 3696 1218 3768 Ῑ
1223 3725 1364 3769 00'1'11
1391 3697 1498 3797 3¹¹8
1505 3699 1549 3772 ll
1556 3704 1616 3788 io,
1649 3709 1770 3781 amico
1797 3739 1865 3786 suo
1894 3723 2096 3810 carissimo,

81 3818 251 3892 tibuendi
264 3817 464 3888 testimonia
478 3838 620 3906 prorsus
634 3815 854 3886 intermissos
867 3817 924 3887 sit.
960 3815 1058 3906 Quid
1479 3883 1483 3889 ,
1546 3802 1587 3876 S·
1612 3803 1665 3878 D·

81 3922 224 3993 herent
246 3919 295 3989 sic
309 3919 445 3989 accensi
462 3917 545 3986 odio
568 3917 606 3985 in
621 3919 727 3988 rebus
743 3918 954 4005 maioribus,
978 3943 1058 3988 cnm
1108 3899 1200 3991 Dux
1216 3917 1389 3989 Saxoniae
1403 3916 1547 3991 Elector
1561 3924 1679 3995 literas
1694 3924 1905 4005 Academiae
1921 3942 2014 4013 misit
2059 3948 2096 4015 in

81 4022 313 4095 crudelitatem
338 4045 437 4089 stram
462 4019 500 4088 in
530 4041 569 4087 re
592 4018 674 4102 tali,
715 4031 749 4087 et
774 4022 941 4089 adversus
972 4023 1060 4090 ado·
1109 4022 1239 4117 quibus
1259 4021 1388 4107 diserte
1404 4024 1571 4115 scriptum
1590 4039 1658 4109 est,
1686 4031 1850 4125 deinceps
1869 4000 2094 4116 Academiam

82 4124 240 4197 hcentes
253 4123 449 4205 declarant,
484 4121 565 4213 qui,
590 4122 915 4229 undecunque‘nati
933 4136 1059 4207 essent,
1108 4124 1173 4196 tibi
1198 4145 1385 4192 numerare
1408 4126 1536 4194 debere
1557 4150 1695 4199 annuos
1718 4149 1861 4206 centum
1883 4166 2028 4230 aureos,
2062 4163 2097 4218 et

1177 3478 1262 3527 Dans.
1275 3491 1337 3544 epp.
1350 3473 1383 3527 ed
1398 3472 1490 3543 stiget
1506 3494 1549 3548 ep.
1565 3479 1607 3537 19.
1641 3479 1708 3543 cod,
1722 3483 1803 3538 Gotb.
1821 3488 1877 3544 t88.
1891 3510 1934 3563 cp.
1950 3495 1994 3551 83.

51 4214 277 4319 sitvirtutis
301 4224 477 4293 curriculo
497 4222 692 4291 adiuvandi
716 4235 839 4305 essent,
898 4220 994 4293 Haec
1017 4249 1057 4293 eo
1108 4250 1143 4296 se
1171 4224 1426 4318 quinquaginta
1454 4229 1645 4318 quotannis
1667 4234 1871 4308 additurum
1904 4265 1994 4327 csse,
2034 4252 2094 4319 scd

49 4396 52 4407 Ι
81 4349 328 4411 commemoro,
368 4340 408 4395 ut
430 4324 517 4395 boni
538 4326 732 4414 gaudeant,
766 4347 803 4392 se
825 4323 959 4393 alienos
986 4349 1058 4393 esse
1107 4352 1143 4397 se
1167 4326 1277 4404 velle,
1310 4339 1350 4395 ut
1374 4325 1413 4393 in
1436 4326 1625 4400 Academia
1647 4335 1750 4410 adsis.
1801 4337 1854 4409 Ac
1872 4342 1941 4409 iam
1954 4369 2094 4419 mecum

79 4429 282 4499 :societate
311 4427 437 4498 talium
456 4426 730 4518 parricidarum,
766 4425 828 4518 qui
858 4449 969 4494 unum
992 4420 1058 4495 hoc
1109 4425 1165 4498 bic
1189 4423 1382 4496 honorilice
1403 4424 1572 4522 Princeps
1595 4434 1638 4503 de
1659 4448 1693 4505 te
1711 4437 1850 4508 locutus
1875 4457 1943 4527 est,
1975 4449 2093 4538 prius-

77 4530 143 4601 ὥς,
157 4542 350 4623 noctesque
365 4528 596 4607 meditantur,
618 4542 651 4597 et
668 4527 883 4607 moliuntur,
907 4540 948 4596 ut
964 4527 1059 4596 veri·
1108 4554 1212 4623 quam
1243 4528 1389 4600 allatum
1410 4544 1462 4600 est
1484 4526 1678 4631 ἐπιτάφιον
1702 4562 1860 4620 cannen,
1898 4550 1993 4636 quod
2015 4574 2095 4641 gra-

74 4646 174 4703 tatcm
190 4632 414 4723 opprimant,
446 4643 480 4699 et
499 4628 577 4722 pios
590 4625 777 4719 Evangelii
799 4628 999 4712 ministros,
1025 4642 1059 4698 ct
1108 4631 1249 4700 vissime
1266 4642 1298 4698 et
1313 4628 1568 4720 elegantissime
1584 4651 1652 4706 ate
1667 4642 1900 4731 compositum
1919 4661 1980 4721 est.
2034 4651 2093 4724 ld·

73 4730 252 4825 Principes
274 4736 432 4804 loventes
454 4731 512 4823 pia
534 4731 649 4800 studia
672 4755 774 4801 verae
795 4732 977 4801 doctrinae
1002 4731 1059 4800 iu-
1107 4758 1174 4828 quc
1184 4726 1357 4801 exhibebo
1371 4731 1527 4827 Principi
1538 4731 1594 4805 his
1609 4737 1745 4824 diebus,
1771 4768 1868 4814 raunc
1881 4749 1974 4816 onim
1990 4777 2094 4826 occu·

73 4837 253 4907 fficiam·
1107 4848 1209 4928 patus
1231 4847 1281 4903 cst
1304 4835 1444 4924 negotio
1468 4836 1688 4925 vicinorum,
1714 4843 1776 4935 qui
1797 4844 2092 4942 Magdeburgensi

165 4934 346 5008 baldeae
358 4958 441 5006 vera
456 4933 650 5005 consolatio
672 4947 724 5005 est
738 4934 844 5003 nobis
860 4948 940 5003 vere
954 4933 1058 5005 invo.
1106 4934 1283 5028 Episcopo
1300 4950 1435 5025 parent.
1495 4934 1656 5008 Gratiam
1673 4943 1737 5012 tibi
1755 4939 1866 5017 babeo
1889 4977 1953 5043 pro
1966 4952 2093 5048 Epita-

73 5039 233 5111 cantibus
253 5036 393 5121 Deum,
423 5037 528 5107 etiam
552 5035 582 5104 si
605 5057 694 5128 quos
717 5058 847 5104 naevos
874 5050 908 5107 et
937 5036 1058 5131 siqua
1107 5035 1191 5132 pbio
1228 5036 1356 5119 misso,
1394 5038 1489 5130 quod
1528 5053 1562 5108 et
1595 5037 1811 5117 Ioochr‘mus
1841 5044 2093 5146 Camerarius,

72 5143 151 5214 vitia
181 5134 356 5211 habemus
379 5154 496 5210 tamen
522 5138 681 5228 contagia
715 5137 905 5229 impietatis
925 5151 960 5207 et
983 5162 1058 5209 sae·
1107 5140 1168 5236 qui
1190 5134 1261 5209 hoc
1276 5138 1485 5231 exspatiatus
1501 5140 1587 5228 luit,
1611 5139 1718 5216 hodie
1735 5148 1829 5240 legit.
1879 5153 1960 5224 Non
1977 5162 2091 5232 solum

74 5244 173 5316 vitiae
194 5238 352 5313 bostium
367 5239 554 5332 Evangelii
577 5241 705 5325 vitare,
732 5253 773 5311 ut
787 5240 961 5331 possimus
977 5264 1056 5310 carm
1106 5246 1225 5331 legens
1238 5252 1298 5308 tna
1315 5239 1489 5322 carmina,
1514 5245 1692 5317 sedetiam
1709 5252 1753 5320 de
1767 5266 1801 5323 te
1816 5257 1983 5346 cogitans,
2009 5289 2089 5332 mox

72 5340 205 5417 bavide
228 5344 364 5414 dicere:
398 5342 491 5414 Cum
514 5342 635 5433 impiis
656 5365 730 5411 non
753 5342 900 5427 sedcb03
931 5344 1056 5412 lavabo
1106 5346 1166 5415 illa
1184 5340 1327 5431 Virgilii
1342 5344 1474 5431 cogito,

72 5447 379 5519 interinnocentee
391 5465 519 5514 manos
533 5464 639 5530 meas,
662 5455 698 5514 et
711 5443 938 5516 circumdabo
948 5445 1057 5515 altare
1208 5447 1285 5514 Tele
1300 5461 1389 5513 mma
1400 5472 1517 5517 nmen
1532 5454 1622 5517 nobis
1633 5469 1688 5520 etc.

115 5554 298 5621 Matrem
313 5551 417 5618 Ocra.
443 5546 600 5613 Voravl.
1268 5544 1292 5612 7
