4748 6022
181 422 257 495 sss
328 402 342 424 ⁰
756 405 1625 490 nrtsronenu·n1t1ss.xt.1⁶4⁸.
1923 379 1927 387 ’
2158 413 2234 488 944

182 587 359 661 Ecclesiae
379 564 448 657 Dei
466 585 505 653 in
521 585 610 654 urbe
624 582 782 674 Lipsica,
808 581 869 673 qui
894 581 1091 671 exemplum
1112 575 1178 648 ha·
1230 585 1349 655 darem
1366 599 1507 656 nostrae
1526 584 1810 669 deliberationis,
1836 607 1942 677 quam
1961 608 2045 654 cum
2059 583 2235 674 legeritis,

184 697 245 762 bet
259 687 529 759 deliberationis
542 700 682 754 nostrae
698 686 741 753 de
758 698 830 752 loto
846 685 938 752 libro
948 677 1179 774 Argustana,
1229 686 1387 755 fortassis
1410 701 1443 755 et
1460 687 1606 756 consilia
1624 699 1737 755 vestra
1752 686 2016 779 aliquantulum
2033 686 2234 761 adiuvabit.

184 814 290 884 quam
313 789 371 880 pie
394 803 427 858 et
450 789 628 856 moderate
653 785 818 874 scriptam
837 805 910 853 etse
927 784 1056 853 ludim.
1109 780 1179 850 Sed
1231 787 1363 877 Spero,
1389 786 1505 858 Deum
1527 788 1734 856 adfuturum
1758 810 1830 856 esse
1855 786 1983 866 nobis,
2016 811 2067 856 ne
2084 787 2176 858 fiant
2195 789 2232 856 in

183 902 305 963 tamen
322 915 341 960 a
354 886 573 961 Celsitudine
591 884 715 955 Vestra
729 885 798 973 legi
814 885 917 963 volo,
943 898 978 954 et
994 885 1086 972 legat
1099 879 1181 951 Cel·
1231 885 1398 959 Ecclesiis
1412 882 1539 959 harum
1557 888 1741 977 regionum
1754 888 1981 958 mutationes.
2004 885 2129 958 Hodie
2144 884 2232 959 mihi

160 1058 163 1067 .
186 993 304 1062 situdo
319 988 445 1059 Vestra
460 1000 499 1057 ut
515 988 620 1056 iudex
638 1001 673 1057 et
686 1008 820 1058 censor.
872 985 954 1055 Scio
969 985 1097 1053 multas
1114 978 1181 1051 ho·
1231 977 1459 1059 Carolovfcii
1478 989 1592 1059 scriba
1616 982 1791 1073 narravit,
1816 988 2023 1079 opinionem
2046 1013 2122 1059 esse
2139 991 2232 1060 mul·

188 1105 306 1162 nestas
331 1089 489 1159 civitates
516 1088 644 1156 liberas
669 1099 870 1157 constanter
895 1087 1085 1154 reiecturas
1109 1106 1181 1152 esse
1233 1103 1350 1160 torum
1374 1090 1413 1159 in
1427 1085 1523 1161 Aula
1540 1087 1784 1181 Imperatoris,
1808 1089 1896 1159 belli
1921 1088 2063 1159 initium
2093 1117 2115 1160 ἃ
2135 1088 2232 1162 Con·

189 1190 282 1264 hanc
310 1191 439 1281 partim
466 1189 640 1271 fucosam,
674 1189 802 1278 partim
831 1187 954 1257 falsam
984 1185 1182 1255 doctrinam
1234 1191 1362 1262 stantia
1382 1192 1473 1262 urhe
1496 1191 1587 1260 fore:
1614 1192 1710 1284 quod
1730 1190 1761 1259 ei
1786 1190 1836 1260 ita
1859 1189 1946 1260 erit:
1972 1190 2036 1259 tata
2057 1215 2233 1282 magnam

192 1293 277 1364 libri
290 1285 517 1384 Augustani.
570 1284 648 1357 Oro
673 1302 790 1358 autem
807 1300 847 1357 ut
862 1284 1043 1356 Celsitudo
1058 1284 1182 1353 Vestra
1235 1292 1464 1361 mutationem
1495 1291 1616 1380 generi
1647 1284 1804 1360 humano
1839 1292 2019 1361 adferent:
2052 1292 2130 1383 quia
2168 1293 2234 1362 in-

192 1398 236 1469 a·
255 1392 389 1461 iudicio
405 1412 468 1459 suo
483 1388 540 1459 vel
555 1389 600 1457 ad
614 1414 689 1472 mc,
715 1389 771 1458 vel
791 1390 835 1457 ad
850 1386 895 1458 D.
912 1381 1182 1485 Psesfingerum
1235 1388 1421 1462 choabitur
1446 1393 1601 1476 bellum,
1625 1404 1661 1460 et
1675 1414 1749 1461 non
1765 1391 1977 1482 perficietur.
2030 1389 2096 1460 Sed
2105 1391 2227 1462 ileum

192 1492 335 1566 scribat.
384 1489 488 1561 Nunc
511 1501 545 1559 et
568 1491 612 1558 de
634 1489 704 1558 aiio
720 1492 871 1582 quodam
888 1489 1027 1579 negotio
1043 1490 1088 1556 ad
1103 1483 1185 1555 Cel·
1235 1516 1395 1576 oremus,
1419 1505 1461 1562 ut
1486 1494 1658 1581 gubemet
1681 1516 1764 1576 nos,
1788 1506 1823 1561 et
1840 1505 1957 1563 servet
1974 1493 2046 1561 sibi
2060 1492 2147 1560 inter
2159 1516 2223 1562 nos

89 1663 93 1669 .
192 1592 385 1665 situdinem
415 1587 576 1660 Vestram
610 1591 724 1659 scribo
756 1603 901 1681 propter
934 1587 1117 1659 honestam
1151 1596 1185 1654 ct
1235 1591 1412 1663 Ecclesiae
1432 1593 1615 1684 reliquias,
1642 1605 1675 1662 et
1697 1615 1816 1662 semen
1839 1606 2026 1676 sanctum,
2057 1605 2100 1661 ut
2115 1588 2229 1661 Esaias

193 1696 290 1787 piam
316 1712 468 1765 causam.
526 1689 607 1761 Scio
639 1693 853 1781 parcendum
882 1714 955 1760 esse
980 1688 1185 1778 Principum
1237 1694 1410 1767 nominat.
1460 1692 1619 1763 Salutem
1642 1707 1726 1784 opto
1748 1707 1783 1762 et
1805 1688 2084 1763 honestissimae
2099 1693 2240 1780 coniugi

194 1796 298 1880 fiseo,
320 1792 524 1885 praesertim
540 1815 636 1860 nunc
653 1794 691 1859 in
708 1805 804 1861 tanta
819 1805 1017 1882 temporum
1034 1787 1186 1858 disficul·
1238 1808 1372 1863 vestrae
1395 1806 1431 1863 et
1457 1793 1670 1862 dulcissimis
1688 1794 1829 1878 liberis,
1859 1807 1893 1864 et
1908 1795 1990 1863 viro
2007 1793 2238 1882 integerrimo

195 1909 286 1973 tate,
318 1908 352 1964 cl
373 1914 435 1981 ²80
450 1914 527 1960 mec
543 1915 645 1960 causa
662 1916 735 1962 non
760 1892 860 1960 facilc
883 1906 963 1984 pcto
988 1889 1122 1982 aliquid
1149 1886 1186 1954 in
1238 1887 1643 1968 DnnonMauhaeo.
1676 1893 1834 1965 Salutem
1850 1895 1955 1964 vohis
1973 1908 2109 1983 optant
2123 1917 2241 1965 omnes

196 1996 300 2066 aulis.
356 1992 426 2063 Sed
451 1993 627 2061 studiosae
650 1993 825 2061 iuventuti
846 2017 947 2083 opem
973 1991 1064 2061 ferre
1090 1989 1188 2080 pium
1239 1993 1537 2086 nostricollegae,
1588 1994 1686 2064 Bene
1702 1996 1824 2066 valete,
1874 1992 2028 2068 Die19,
2048 1992 2158 2065 lunii.

197 2109 260 2166 est.
309 2090 444 2164 Consul
460 2091 643 2162 Dessensis
658 2086 887 2162 Laurentius
910 2118 934 2161 a
959 2088 1061 2183 Berg
1076 2092 1132 2157 vir
1155 2101 1190 2157 et
1988 2122 2195 2220 Philippu&

197 2197 323 2267 artifex
343 2194 501 2282 egregius
524 2194 637 2262 fitium
660 2189 766 2264 habet
788 2197 881 2263 bona
904 2194 1025 2262 indole
1051 2189 1190 2283 praedi-

197 2313 294 2381 tum,
325 2307 360 2363 et
388 2293 452 2386 qui
473 2294 543 2363 iam
565 2294 669 2364 initia
693 2289 944 2386 Philosophiae
966 2291 1191 2365 mediocriter

199 2395 336 2467 didicit.
386 2392 495 2463 Hunc
515 2416 616 2483 spero
632 2392 811 2464 Ecclesiae
826 2394 892 2464 Dei
916 2417 1043 2482 magno
1060 2392 1141 2463 usui
1158 2402 1192 2458 ct

199 2505 409 2566 ornamento
432 2493 591 2561 futurum
610 2516 703 2578 esse,
727 2495 757 2563 si
773 2518 846 2562 non
862 2494 1057 2562 abducetur
1073 2516 1093 2560 a
1110 2491 1192 2569 lite·
1242 2510 1309 2581 No,
1328 2509 1441 2584 4262·
2089 2524 2147 2587 ¹9·
2161 2514 2220 2579 pm,

199 2597 259 2669 ris.
296 2592 368 2666 Sed
383 2592 514 2662 auxilio
530 2592 564 2660 ei
579 2616 668 2684 opus
682 2608 743 2663 est.
782 2593 909 2686 ltaque
925 2617 1010 2678 oro,
1035 2606 1075 2662 ut
1090 2591 1192 2659 bien·
1244 2607 1444 2639 Μ
2084 2603 2234 2637 *⁶⁴*

200 2698 263 2767 nio
285 2695 318 2763 ei
339 2717 441 2784 opem
464 2692 605 2777 feratis,
631 2693 678 2763 ita
700 2709 741 2765 ut
762 2695 921 2786 quolibet
935 2718 1029 2763 anno
1046 2691 1194 2763 aCelsi-
1581 2708 1669 2796 Iac.
1691 2709 1888 2798 Milichio

113 2788 122 2799 ..
199 2796 325 2868 tudine
351 2792 477 2863 Vestra
509 2817 633 2862 aureos
667 2789 794 2864 habeat
825 2794 964 2884 viginti.
1020 2792 1194 2886 Reliquos
1887 2777 1898 2800 ⁰

200 2911 362 2987 sumptus
392 2906 491 2986 pater
521 2895 664 2967 tribuet.
730 2895 835 2967 Videt
861 2894 1042 2966 Celsitudo
1069 2893 1195 2964 Vestra
1348 2887 1432 2963 Epin.
1444 2888 1492 2944 ¹³¹²·
1508 2887 1543 2944 ¹1·
1561 2908 1588 2961 r·
1599 2887 1658 2944 ⁴³⁹·
1677 2890 1734 2959 (et.
1745 2890 1834 2945 Lens.
1845 2890 1892 2946 ¹1¹2
1905 2888 1941 2946 st
1959 2908 2004 2964 tr·
2015 2882 2100 2962 Μ)

200 2995 376 3070 Ecclesias
403 3007 539 3064 vestrae
563 2995 709 3064 ditionis
729 2998 803 3086 regi
822 3021 841 3066 a
859 2997 1062 3086 peregrinis.
1113 2992 1195 3065 Uti·
1483 3037 1526 3109 D
1564 3000 1679 3116 Im
1687 3039 1742 3112 ho
1766 3037 1913 3113 Milic
1921 3036 1948 3111 h
1961 3041 2005 3113 io

201 3100 273 3168 lius
293 3111 411 3167 antem
434 3095 510 3185 paci
529 3108 561 3164 et
579 3096 737 3165 moribus
754 3097 877 3188 populi
896 3113 1003 3180 esset,
1035 3117 1194 3190 praeesse
1528 3095 1537 3113 ⁰
1941 3160 1946 3169 ,

203 3212 303 3268 natos
327 3198 367 3265 in
388 3196 512 3287 patria.
564 3192 612 3266 Et
635 3193 694 3266 hic
716 3199 916 3267 adolescens
932 3198 1026 3267 filius
1043 3209 1095 3267 est
1109 3196 1194 3266 civis
1246 3166 1288 3261 S.
1309 3188 1357 3257 D·
1394 3183 1596 3258 Clarissime
1611 3190 1716 3261 viret
1730 3185 1936 3261 charissime
1952 3192 2082 3277 frater,
2102 3189 2233 3263 Utrum-

202 3301 295 3369 bene
324 3296 442 3364 meriti
468 3299 514 3364 de
542 3298 673 3388 oppido
695 3293 840 3382 Dessa,
872 3314 907 3370 et
930 3299 1029 3389 cujus
1048 3319 1195 3386 magnus
1246 3313 1316 3380 que
1337 3290 1549 3360 vox⁴divina
1572 3292 1764 3382 praedixit,
1790 3305 1826 3388 et
1845 3293 1923 3361 fore
1946 3294 2107 3362 maiores
2125 3294 2232 3363 confu-

202 3421 288 3469 usus
310 3409 361 3464 est
376 3396 414 3463 in
430 3396 684 3487 gubernatione
698 3414 833 3470 vestrae
848 3400 1004 3469 ditionis,
1056 3397 1195 3486 Quaeso
1247 3390 1365 3458 siones
1378 3391 1515 3478 generis
1529 3388 1678 3462 humani
1691 3392 1730 3461 in
1744 3389 1810 3462 hac
1824 3392 1940 3462 delira
1954 3396 2232 3475 mundisenecta,

202 3499 312 3588 igitur
345 3509 386 3570 ut
419 3491 487 3564 hoc
522 3496 690 3567 beneficio
709 3496 986 3571 ,Adolescentem
1015 3497 1196 3569 celsitudo
1247 3493 1637 3582 quamfueruntautea,
1658 3484 1824 3565 ettamen
1839 3491 1978 3564 Filium
1993 3493 2230 3566 Deicollectu-

203 3598 330 3668 Vestra
344 3597 497 3669 adiuvet.
534 3593 670 3669 Habeat
685 3594 868 3689 Celsitudo
885 3599 1008 3671 Vestra
1024 3601 1196 3670 rationem
1247 3615 1327 3661 rum
1348 3614 1421 3660 esse
1440 3588 1633 3664 Ecclesiam
1658 3607 1835 3664 aeternam
1854 3595 1963 3665 etiam
1982 3597 2082 3668 inter
2098 3593 2155 3666 hes
2167 3596 2230 3664 mi·

204 3700 357 3795 patriae,
382 3698 589 3767 meritorum
610 3699 737 3788 patris,
762 3698 916 3791 denique
938 3715 972 3769 et
993 3726 1089 3771 meae
1106 3701 1198 3793 peti·
1247 3714 1311 3761 nas
1328 3690 1570 3783 imperiorum.
1620 3693 1696 3764 Hac
1719 3719 1779 3785 spe
1800 3695 1974 3766 faciamus
1999 3720 2121 3790 operas
2137 3691 2229 3766 seho-

205 3800 331 3882 tionis‚
356 3799 395 3865 in
418 3822 456 3867 re
473 3799 543 3887 pia.
594 3797 769 3890 Deuspro
784 3795 851 3869 hac
866 3801 1077 3871 liberalitate
1092 3802 1197 3868 vicis·
1246 3792 1384 3861 lecticas
1406 3794 1518 3861 donec
1538 3795 1753 3868 conceditur.
1804 3792 1882 3865 Etsi
1897 3797 2016 3886 igitur
2032 3796 2228 3889 intempesti-

204 3902 270 3970 sim
287 3896 497 3969 Celsitudiui
515 3896 659 3968 Vestrae
675 3915 709 3970 et
724 3898 879 3992 Reipuh.
896 3903 1111 3973 benefaciet.
1137 3899 1198 3973 Sic
1248 3916 1311 3960 Vae
1331 3892 1497 3962 videnlur
1512 3893 1583 3963 iam
1600 3896 1933 3966 deliberationesde
1948 3892 2163 3971 honoribus:
2186 3912 2228 3967 tc·

203 4001 403 4073 servabitur
417 3994 593 4083 Ecclesia,
618 4024 698 4071 cum
718 3999 900 4105 Principes
915 4005 1092 4073 curabunt
1104 4003 1198 4072 bona
1248 4017 1331 4062 men
1362 4017 1478 4084 speres
1507 3995 1584 4064 fore
1610 3997 1865 4086 posteritatem,
1897 4013 1934 4069 et
1956 4003 2082 4070 audiri
2103 3999 2228 4091 gemitus

202 4101 345 4191 ingenia
378 4114 470 4171 recte
502 4100 647 4174 erudiri,
704 4099 803 4171 Bene
828 4104 942 4174 valeat
966 4099 1006 4177 C,
1035 4102 1079 4178 V,
1129 4101 1198 4174 Die
1248 4109 1329 4165 tuos
1350 4107 1385 4163 et
1396 4090 1575 4164 Ecclesiae
1593 4110 1674 4167 tuae
1696 4096 1923 4168 domesticae:
1953 4115 1987 4171 et
2013 4103 2176 4193 suscipias
2187 4099 2228 4165 la·

207 4202 265 4275 18,
296 4200 400 4274 iunii.
465 4198 685 4274 Reverenter
711 4227 795 4287 oro,
827 4216 868 4274 ut
892 4201 931 4275 C,
954 4202 1001 4279 V‚·
1024 4201 1114 4273 mihi
1141 4228 1198 4274 re.
1249 4197 1351 4265 bores
1381 4194 1419 4262 in
1449 4189 1505 4264 his
1535 4199 1725 4280 ornandis,
1756 4198 1820 4291 qui
1847 4223 1946 4269 nunc
1977 4215 2081 4272 tuam
2108 4221 2230 4293 operam

206 4304 390 4393 spondeat.
591 4330 596 4339 ·
812 4327 827 4357 ι
1249 4295 1434 4386 praecipue
1454 4297 1652 4389 requirunt.
1704 4294 1782 4369 Oro
1799 4313 1914 4369 autem
1932 4313 1975 4370 nt
1992 4300 2037 4371 in
2054 4304 2140 4372 meis
2151 4299 2231 4370 aedi·

1248 4396 1316 4467 bus
1338 4397 1509 4489 tantisper
1531 4398 1597 4481 sis,
1623 4400 1735 4470 donec
1757 4400 1890 4484 aderis,
1917 4401 1999 4471 sine
2017 4418 2085 4475 tuo
2099 4414 2232 4493 sumptu.

1249 4497 1325 4567 Scis
1357 4499 1451 4567 enim
1479 4501 1769 4570 consuetudinem
1795 4513 1908 4585 tuam,
1945 4507 2158 4594 praesertim
2178 4499 2232 4571 hoc

207 4638 263 4710 No
295 4639 407 4712 4251·
1030 4659 1075 4722 19
1104 4650 1162 4714 lun
1249 4611 1425 4688 tempore,
1469 4610 1503 4668 et
1535 4601 1790 4671 eruditissimos
1816 4624 1998 4674 sermones
2028 4620 2112 4677 tuos
2135 4602 2232 4684 ἅλιξι·

146 4785 154 4794 ⁴
217 4692 387 4767 ..Ὧν
1021 4743 1193 4783 m
1249 4690 1452 4794 φάρμακον
1474 4695 1565 4770 mihi
1581 4725 1654 4771 esse
1671 4716 1793 4773 contra
1807 4701 1940 4773 multos
1955 4705 2120 4782 dolores.
2151 4704 2231 4777 Bene

471 4800 559 4927 M.
588 4841 896 4964 Meienbut·gr‘o
934 4884 939 4895 =
1249 4800 1338 4872 vale.
1389 4795 1457 4870 Die
1475 4799 1655 4876 19·¹¹¹¹¹ii·

202 5063 206 5070 ,
306 4997 392 5070 rpus.
411 4995 459 5053 tts.
474 4993 666 5072 essese.
870 4948 873 4956 ’

233 5148 532 5225 Michaelr'
562 5114 977 5254 Meienburpt'm
1019 5160 1165 5234 consuli
1249 5123 1442 5201 NMPPP·
2098 5143 2222 5217 19.qu

566 5251 827 5344 Northusono,
1256 5222 1427 5252 m
2076 5232 2229 5268 Μ

1478 5307 1680 5425 Cruciger
1696 5312 1758 5397 od
1772 5314 2020 5428 Kegelium.

200 5383 243 5473 S.
265 5400 311 5474 D.
349 5397 552 5474 Clarissimo
566 5406 641 5491 vir,
668 5407 825 5477 eramiee
840 5401 1055 5483 chbrissime.
1093 5407 1198 5481 Nun-
1316 5468 1367 5526 m,
1409 5469 1416 5485 ,
1505 5469 1512 5486 ,
1628 5470 1635 5487 ,
1960 5481 1968 5496 ⁰
2017 5482 2026 5497 .
2214 5483 2220 5498 ⁹

202 5504 297 5573 cium
319 5498 588 5579 Northusanum
613 5531 655 5578 eo
684 5506 841 5594 detinui,
870 5522 912 5580 ut
940 5509 1140 5602 exemplum
1162 5511 1194 5582 ei
1350 5478 1398 5594 12⁸2
1408 5471 1677 5613 ’ἦῗῗᾝξώ
1691 5472 1735 5530 Μ·
1755 5497 1780 5548 r·
1796 5474 1863 5541 1⁶⁴2
1880 5488 1999 5551 repom
2016 5486 2131 5546 mmet.
2146 5483 2237 5542 cont
