4748 6022
751 267 1192 344 EPISTOLARUM
1254 271 1358 345 LlB.
1386 270 1432 345 X.
1486 272 1617 349 1547.
2135 273 2211 344 470

165 276 241 351 469

166 472 318 540 cumque
337 444 534 534 intelligam
550 446 649 535 signa
667 468 770 513 verae
789 445 827 510 iu
843 443 914 512 filia
930 445 1070 535 pietatis
1083 466 1164 533 erga
1213 456 1331 512 tamen
1347 444 1558 533 cogitatione
1575 430 1756 516 doctrinae
1773 446 2117 517 coelestismoderari
2135 460 2209 515 stu-

166 551 282 621 Deum
300 562 334 617 et
348 570 428 636 erga
445 549 613 617 maritum
629 547 1026 638 praecessissemartem,
1052 569 1167 635 spero,
1213 549 1298 631 deo,
1332 560 1365 615 et
1379 547 1481 614 rabis
1503 547 1631 636 gratias
1647 572 1731 637 ago,
1761 574 1834 619 non
1856 550 1970 620 salum
1991 551 2085 641 quod
2111 572 2208 618 nune
2287 546 2297 565 ⁸

168 676 244 722 eam
262 652 307 719 ad
322 646 503 720 Ecclesiae
526 650 684 718 coelestis
706 649 907 718 societatem
925 648 1166 718 dulcissimam
1212 662 1371 718 amanter
1387 663 1506 718 nostra
1523 674 1626 719 causa
1641 652 1785 735 doletis,
1819 666 1852 721 et
1869 652 1981 722 literis
1997 651 2123 719 vestris
2142 653 2208 717 do-

167 767 348 825 evocatam
366 776 449 821 esse.
501 750 612 840 Saepe
638 745 862 843 lachrymans
883 749 960 819 Deo
987 751 1165 818 viventem
1212 752 1321 819 larem
1348 745 1573 845 †vestrum’'
1598 752 1799 840 significatis
1813 750 1862 847 ⁸),
1895 768 1929 823 et
1949 755 2207 820 fontescanso-

168 857 433 939 commendavi,
467 866 501 921 et
515 865 597 921 vota
613 853 694 936 illa,
729 853 822 937 scio,
855 876 930 920 nan
956 852 1063 922 fuisse
1081 852 1165 919 irri-
1212 852 1355 921 lationis
1379 854 1600 933 monstrastis
1616 848 1665 948 ⁶),
1698 856 1886 924 sedetiam
1914 857 2125 947 quodantea
2151 855 2206 920 vi-

167 952 261 1052 ta*).
314 956 385 1038 Tu,
407 957 502 1049 quod
521 954 615 1038 facis,
643 955 810 1024 adiuvate
831 968 943 1023 noset
962 955 1164 1021 universam
1211 951 1471 1048 venti⁷).liliae
1493 957 1604 1025 multa
1627 956 1795 1025 beneficia
1819 956 2058 1048 praestitistis,
2091 957 2206 1047 quod·

165 1056 362 1130 Ecclesiam
388 1056 595 1126 ardentibus
618 1057 728 1141 votis,
760 1054 801 1125 ut
827 1054 923 1125 Deus
946 1056 1106 1146 publicas
1131 1069 1165 1123 et
1211 1052 1326 1149 quel)
1348 1058 1470 1127 multis
1486 1058 1612 1127 officiis
1628 1082 1723 1127 meos
1741 1060 1880 1129 iuvatis.
1932 1053 2008 1146 Ego
2034 1057 2099 1126 etsi
2124 1059 2213 1137 red2

165 1163 321 1254 privatas
337 1160 551 1229 calamitates
568 1159 714 1246 mitiget.
753 1153 782 1253 †
800 1157 1164 1252 luSynodoTriden-
1212 1162 1294 1225 dere
1312 1159 1440 1227 similia
1457 1160 1569 1228 officia
1585 1185 1659 1228 non
1674 1184 1834 1252 possum,
1861 1177 1977 1230 tamen
1995 1158 2104 1225 animi
2126 1180 2206 1246 gra-

165 1266 240 1333 tina
263 1262 353 1329 liunt
379 1264 516 1330 decreta
541 1262 585 1327 ad
609 1261 838 1329 stabiliendos
860 1276 994 1328 veteres
1017 1282 1164 1335 errores,
1211 1260 1401 1328 titudinem
1438 1285 1575 1349 semper
1608 1265 1790 1353 praestabo
1813 1260 1853 1359 ⁹).
1903 1261 1952 1331 Et
1978 1261 2146 1353 quoniam
2162 1255 2205 1350 ¹⁰)

166 1370 210 1436 de
234 1388 362 1456 quare
387 1365 538 1431 scribam
567 1363 654 1430 alias
678 1356 952 1455 copiosius.''**)
1010 1358 1108 1429 Bene
1132 1374 1165 1427 et
1210 1357 1306 1431 Deus
1324 1362 1427 1431 toties
1445 1364 1634 1453 pollicetur
1650 1360 1706 1458 ¹¹),
1732 1390 1767 1433 se
1784 1367 1827 1434 iis
1844 1367 1906 1460 qui
1924 1362 2146 1434 benefaciunt
2165 1358 2204 1449 ¹²)

167 1467 319 1537 feliciter
332 1467 422 1537 vale.
473 1465 586 1533 Nonis
604 1462 721 1554 April.
739 1456 821 1556 aas)

709 1560 865 1655 Philipp.
884 1562 1108 1637 Melanthon.

208 1790 310 1803 ...na—n
340 1792 360 1799 --
375 1790 445 1799 «m...
470 1792 473 1797 .
498 1791 504 1797 -
524 1786 1159 1798 ...non-m—-m--o--n--n-a-n—-n-——n-—n

162 1934 230 2004 Na.
250 1918 362 2002 6618.
469 1952 482 1982 a

126 2080 135 2089 =
170 2028 343 2063 W

337 2088 342 2097 ’
472 2098 563 2181 Ἑν.
605 2093 832 2207 Staphyla.

232 2256 311 2311 Edita
325 2255 354 2308 in
369 2255 466 2309 Manlii
480 2256 580 2325 sarrag.
600 2274 628 2325 p.
640 2256 700 2310 867.
719 2289 755 2300 -
791 2258 870 2311 Nune
883 2256 1035 2312 accuratius
1049 2275 1079 2309 ex
1093 2274 1161 2324 apa-

268 2325 370 2396 grapho
388 2325 417 2376 in
437 2325 499 2379 cod.
524 2325 605 2393 Lang.
631 2346 658 2397 p.
682 2327 745 2382 17b.
787 2326 908 2380 Manlius
929 2344 987 2377 eam
1007 2324 1160 2393 inscripsit:

265 2394 457 2465 „Clarissimo
477 2397 550 2458 vira,
569 2405 621 2448 ele.
648 2394 811 2448 Secretario
831 2397 1013 2447 illustrissimi
1025 2395 1163 2458 Principis

265 2465 378 2519 Alberti
388 2463 477 2516 Ducis
490 2464 688 2526 Berussr'ae”;
735 2485 784 2518 uae
801 2464 945 2535 inscriptio
966 2482 1029 2517 cum
1051 2480 1080 2513 ea
1101 2461 1161 2530 epi-

265 2531 352 2656 sblplae
364 2532 546 2586 antecedentis
559 2532 697 2587 convenil.
716 2484 836 2587 (llectius
849 2533 877 2586 in
890 2534 954 2588 cod.
964 2532 1047 2602 hang.
1059 2531 1159 2584 inscri-

286 2612 354 2655 iture

1033 1944 1065 2002 5.
1083 1936 1159 2017 Apa.

1020 2028 1144 2052 ΚΑΛ

167 2756 445 2849 „Friderica
479 2756 719 2856 Staphyla
754 2761 793 2828 in
813 2755 1056 2853 Regiornonle
1085 2754 1161 2825 Bo-

557 2861 777 2936 russorum.’‘

164 2978 206 3068 S.
234 2995 278 3067 D.
329 2996 467 3069 Multae
493 3010 577 3069 sunl
608 3022 750 3083 causae,
796 3021 859 3065 cur
891 2994 988 3066 Deus
1026 2995 1161 3063 semina

164 3101 283 3189 magni
309 3100 440 3169 amoris
468 3113 653 3189 parentum
679 3124 758 3189 erga
781 3113 882 3167 natos
908 3099 1075 3167 cordibus
1095 3121 1162 3165 no-

166 3202 247 3271 stris
264 3197 290 3294 ¹)
313 3202 502 3284 indiderit3
539 3204 599 3269 sed
617 3195 704 3269 haec
720 3202 907 3293 praecipua
931 3215 1000 3283 est,
1033 3213 1072 3268 ut
1084 3194 1161 3266 hae

166 3297 323 3399 στοργαὶ
338 3299 368 3399 ²)
391 3328 458 3373 nas
473 3304 791 3371 commonefaciant
808 3298 835 3391 ³)
858 3305 901 3370 de
917 3326 1036 3370 amore
1053 3302 1162 3392 patris

164 3405 299 3474 aeterni
324 3428 405 3494 erga
429 3405 543 3473 filium
563 3402 679 3473 lesum
695 3399 899 3488 Christum,
933 3418 967 3472 et
984 3428 1063 3493 erga
1086 3427 1161 3475 nas.

165 3506 427 3577 Rernoveamus
453 3507 562 3595 igitur
583 3530 602 3575 a
629 3503 704 3576 Deo
729 3506 874 3576 stoicam
902 3507 1101 3576 torvitatem
1119 3503 1164 3596 ⁴),

167 3623 202 3678 et
225 3634 306 3678 vere
328 3611 373 3679 ab
399 3635 440 3678 eo
466 3609 568 3699 diligi
605 3603 760 3703 †lilium
786 3606 845 3677 et''
867 3631 931 3676 nas
957 3622 1163 3679 statuamus.

167 3711 329 3782 Sciamus
355 3711 481 3795 etiam,
513 3713 650 3802 placere
674 3712 707 3780 ei
730 3712 769 3778 in
791 3712 896 3781 nobis
911 3710 1061 3778 similem
1078 3709 1165 3777 afle-

168 3827 262 3882 ctum
280 3837 359 3902 erga
377 3828 489 3885 natos.
543 3811 626 3882 ldea
644 3814 773 3896 fateor,
806 3810 863 3880 nie
878 3815 980 3881 valde
1001 3813 1163 3883 dilexisse

169 3915 294 4000 filiani,
321 3930 354 3984 et
371 3939 409 3983 ea
427 3917 578 3984 extincta
599 3917 636 3982 in
654 3938 781 4004 magua
801 3918 922 3983 dolore
941 3939 1031 3997 esse,
1058 3938 1161 4006 qutun

167 4104 392 4117 m

200 4207 231 4273 ’)
249 4207 346 4257 dolore
367 4222 445 4272 csse,
469 4205 620 4271 tibique-
635 4232 669 4242 -
688 4218 748 4253 non
765 4202 855 4270 juisse
876 4205 973 4267 irrita]
999 4205 1053 4256 Pro
1074 4204 1114 4257 his
1134 4203 1162 4254 in

236 4285 353 4344 utroque
368 4274 430 4327 cod.
445 4272 518 4326 Goth
550 4271 610 4325 191.
630 4272 756 4341 leguntur
770 4271 852 4324 haee:
875 4274 972 4323 dolare
985 4290 1058 4340 erse,
1081 4290 1163 4341 quem

237 4353 335 4394 lamen
351 4346 420 4396 liare
433 4344 587 4395 consolatio
600 4345 686 4407 lem't,
706 4345 780 4409 quod
792 4341 874 4403 sigua
890 4357 973 4392 verae
986 4343 1015 4392 in
1023 4344 1089 4408 filia
1101 4343 1163 4408 pie-

236 4414 303 4464 tatis
319 4429 388 4478 erga
402 4413 498 4466 Deum
514 4420 540 4462 et
563 4428 633 4475 erga
649 4414 785 4462 rnarr'tum
799 4420 922 4461 mortem
935 4419 1162 4478 praecesserunt,

235 4490 265 4533 ul
280 4481 338 4543 ipse
349 4498 437 4547 gener
449 4484 543 4531 adme
556 4481 684 4547 scripsit,
702 4497 819 4546 eumque
834 4498 898 4531 earn
910 4483 1045 4529 viventem
1052 4477 1083 4544 *)
1097 4497 1165 4532 sae-

232 4568 270 4614 pe
285 4551 417 4619 lacrymis
429 4549 493 4602 Dea
507 4551 783 4615 commodaverim,
802 4557 828 4600 ct
844 4549 914 4599 niilri
921 4551 1069 4612 perspicuo
1082 4550 1164 4600 leeli-

234 4620 331 4670 monio
345 4620 425 4673 Deus
437 4617 603 4685 significarit
616 4635 700 4671 earne
715 4636 779 4670 eane
795 4621 850 4671 sibi
860 4634 932 4678 erre,
950 4633 1049 4683 spero,
1067 4619 1163 4671 divim·-

235 4699 281 4740 ωε
303 4705 368 4738 eam
389 4690 428 4739 od
445 4690 608 4738 societatem
630 4689 762 4739 ecelesiae
783 4689 908 4740 caelestis
928 4696 1075 4739 evocatam
1096 4702 1165 4739 erae.

236 4756 294 4821 Tu,
312 4756 473 4824 quodjuris
486 4766 538 4809 etc.
1144 4756 1150 4767 ⁴

201 4837 253 4908 **)
272 4839 346 4894 llaec
359 4840 461 4893 addunt
474 4838 556 4892 codd.
572 4837 655 4891 Goth·
671 4838 731 4896 191.

203 4923 269 4994 W)
288 4924 413 4996 Uterque
427 4924 491 4982 cod.
504 4928 532 4978 d.
543 4922 569 4977 6.
585 4924 677 4989 April.
694 4925 770 4978 1547.

206 5018 235 5079 1)
252 5014 358 5066 nastris
374 5013 440 5068 eod.
454 5011 537 5085 Lang.
554 5030 611 5065 non
626 5010 716 5065 habet.

200 5097 230 5164 2)
248 5099 303 5149 liae
321 5100 433 5165 σιοργ.)
450 5096 537 5150 Manl.
554 5098 597 5149 lu'e
609 5094 737 5162 affectus.

201 5177 230 5235 81
253 5176 341 5232 Manl.
352 5179 594 5249 commonefaciet.

202 5264 230 5331 4)
248 5265 426 5329 larvicolam]
439 5262 526 5317 Manl.
539 5266 720 5319 tenuatim.

266 5478 291 5546 ⁸)
308 5482 437 5539 dmm]
452 5482 508 5533 ecel.
522 5481 600 5543 Lug.
611 5483 728 5535 ima,

440 5646 448 5675 l

483 5706 486 5711 ’
593 5724 615 5761 s

1210 1465 1329 1531 ordini
1351 1459 1560 1535 scholastico
1576 1462 1613 1560 ¹³)
1632 1467 1828 1536 doctrinam
1852 1469 2036 1537 coelestem
2055 1463 2205 1532 fideliter

1210 1566 1424 1635 custodienti
1440 1563 1481 1660 ¹⁴)
1506 1569 1659 1657 praemia
1683 1570 1906 1639 redditurum
1927 1591 2019 1646 esse,
2055 1590 2204 1658 quarum

1209 1669 1485 1757 promissionum
1502 1668 1658 1761 exempla
1675 1687 1709 1742 et
1725 1667 1910 1740 hacaetate
1927 1669 2097 1738 ostendit:
2125 1692 2205 1758 spe.-

1209 1794 1268 1848 ro,
1296 1796 1376 1838 eum
1395 1768 1433 1858 ¹⁵)
1451 1772 1605 1841 vicissim
1622 1774 1723 1842 vobis
1740 1775 2003 1842 benefacturum
2023 1792 2104 1838 esse.
2157 1765 2204 1837 Et

1207 1885 1246 1938 ut
1263 1897 1325 1939 ros
1349 1887 1382 1941 et
1407 1889 1538 1943 vestros
1563 1870 1700 1959 servet,
1733 1878 1898 1945 defendat
1923 1891 1957 1942 et
1980 1886 2093 1960 regat,
2129 1885 2203 1940 toto

1208 1997 1287 2040 earm
1306 1990 1446 2062 pectore
1461 1999 1537 2046 ara.

1306 2071 1334 2170 ·'s
1349 2073 1402 2144 De
1415 2076 1556 2145 filiabus
1572 2074 1617 2150 D.
1631 2074 1771 2147 Sabini
1783 2079 1926 2169 scripsi,
1954 2101 2007 2144 me
2021 2099 2138 2157 arsere,
2164 2090 2204 2145 ut

1206 2177 1261 2243 rel
1280 2201 1421 2261 omnes,
1448 2180 1503 2245 vel
1520 2179 1656 2271 aliquas
1669 2184 1713 2248 ad
1730 2206 1786 2249 me
1810 2182 1936 2251 mittat.
1989 2170 2204 2257 llIarlham,

1207 2278 1289 2369 quia
1311 2279 1525 2349 imbecillior
1549 2295 1616 2364 est,
1652 2284 1800 2350 omnino
1822 2277 1881 2351 hic
1916 2282 2011 2372 apud
2046 2304 2202 2348 sororem

1208 2382 1351 2448 educari
1365 2381 1491 2463 velim,
1523 2382 1586 2449 ubi
1602 2379 1678 2451 Deo
1702 2385 1845 2454 iuvante
1869 2398 1903 2453 et
1928 2381 2083 2451 suaviter
2104 2382 2222 2449 fave-'

1207 2495 1306 2550 retur
1322 2495 1355 2550 et
1370 2483 1526 2551 studiose
1548 2486 1592 2551 ad
1608 2485 1827 2572 agnitionem
1842 2482 1909 2554 Dei
1932 2498 1966 2563 et
1978 2477 2128 2552 honesta
2150 2485 2203 2551 af·
2290 2526 2294 2541 ·

1207 2583 1305 2668 ficia,
1340 2609 1508 2654 unacum
1526 2609 1667 2670 sorore,
1703 2611 1792 2680 quae
1814 2588 1884 2657 iam
1910 2586 1993 2673 legit
2012 2597 2048 2651 et
2072 2586 2204 2668 scribit,

1208 2686 1464 2759 institueretur.
1523 2683 1621 2768 Ora,
1657 2702 1696 2757 ut
1721 2684 1913 2759 hortemini
1936 2686 1979 2755 D.
2005 2681 2203 2771 Sabinum,

1206 2803 1247 2858 ut
1269 2784 1333 2857 hac
1356 2790 1392 2856 in
1418 2812 1456 2856 re
1482 2802 1605 2858 nostra
1632 2791 1780 2860 consilia
1808 2790 2030 2861 assentiatur.
2081 2786 2202 2880 Ipsum

1207 2914 1292 2960 vero
1315 2906 1350 2961 et
1373 2915 1470 2959 meas
1486 2891 1587 2960 rabis
1605 2895 1815 2962 commendo
1826 2891 1842 2914 '³
1858 2886 1911 2985 ¹⁶).
1964 2887 2063 2959 Bene
2077 2905 2112 2960 et
2126 2893 2204 2959 foe·

1208 2994 1324 3062 liciter
1339 2995 1461 3075 valete.
1514 2990 1580 3062 Die
1594 2994 1630 3066 6.
1646 2992 1782 3085 Aprilis
1795 2990 1834 3088 ¹⁷)
1852 2990 1962 3066 1547.
2008 3088 2064 3161 Ph
2097 3088 2141 3161 Μ

1689 3306 1771 3317 ,ιο-ο-
1788 3308 1810 3315 ...
1819 3302 2062 3315 --·--——-—-·--
2073 3304 2077 3309 -
2089 3303 2115 3310 -·-

1208 3448 1274 3521 No,
1293 3450 1405 3524 8819.

1212 3546 1426 3585 m

2047 3456 2078 3520 5.
2096 3450 2178 3531 apr.

1590 3618 1638 3701 P.
1677 3580 1826 3704 Elem.

1278 3781 1298 3841 †
1315 3777 1353 3830 Er
1366 3796 1460 3850 apogr.
1473 3764 1503 3832 ir
1518 3780 1580 3834 cod.
1595 3778 1702 3849 Langii.
1728 3798 1756 3849 p.
1770 3776 1836 3831 16¹³.

1530 3935 1684 4009 Paulo
1708 3935 1876 4007 Ehera.

1208 4071 1319 4163 Meae
1344 4087 1446 4156 uxori
1469 4088 1513 4155 ad
1548 4089 1684 4159 luctum
1720 4110 1816 4155 nune
1846 4088 2016 4155 accedunt
2040 4083 2202 4151 acerrimi

1209 4193 1349 4263 dolores
1372 4213 1413 4257 er
1432 4183 1588 4261 λιθίασι.
1641 4188 1728 4259 Misi
1751 4189 1859 4277 igitur
1882 4187 2137 4257 adolescentem
2158 4186 2201 4253 ad

1211 4346 1248 4354 —-
1264 4347 1269 4353 .
1282 4344 1414 4353 ----—--

1244 4430 1270 4483 5)
1291 4427 1379 4480 Manl.
1392 4428 1562 4498 significatis.

1243 4499 1271 4565 6)
1291 4496 1420 4564 celantes
1432 4504 1597 4566 miamin]
1616 4495 1702 4549 blanl.
1715 4494 1856 4563 pinetam
1869 4511 1943 4547 cans.
1961 4494 2137 4546 monstratis.

1243 4567 1272 4634 7)
1297 4565 1367 4622 codo
1381 4565 1468 4639 hug.
1482 4566 1584 4621 fumo
1646 4629 1660 4647 .
1678 4628 1691 4644 ·

1243 4652 1271 4719 8)
1291 4650 1428 4721 quodque]
1451 4651 1515 4708 eod.
1539 4650 1597 4703 Lan
1618 4685 1627 4703 .
1645 4654 1701 4714 ql}
1717 4647 1746 4700 id
1766 4657 1805 4700 esl
1828 4665 2003 4716 quanquam.
2048 4644 2204 4715 Utrumque

1280 4739 1337 4774 non
1351 4720 1415 4775 satis
1430 4720 1567 4775 convenit.
1611 4728 1658 4773 uto
1673 4717 1984 4789 compendiapcriplum
1995 4715 2092 4769 fuisse:
2108 4731 2202 4781 querri-

1279 4792 1444 4841 admodum.
1570 4794 1593 4851 ⁸,

1242 4858 1276 4923 9)
1293 4873 1406 4923 semper
1415 4856 1583 4927 praecido]
1593 4854 1686 4911 Manl.
1695 4862 1848 4923 praestare
1862 4858 1952 4923 cupio.

1245 4924 1290 4993 1⁰)
1310 4926 1444 4994 quoniam
1475 4922 1563 4979 Manl.
1577 4927 1656 4995 aulo.

1246 4996 1291 5059 11)
1308 4928 1467 5065 μοΙΙίιιων)
1483 4992 1569 5047 Manl.
1583 5001 1718 5051 lerlalur.

1248 5063 1293 5129 12)
1313 5061 1383 5117 col.
1394 5064 1475 5135 lang.
1488 5064 1557 5115 berte
1569 5062 1688 5119 ecimus.

1248 5131 1295 5195 ts)
1313 5133 1459 5198 adcelera]
1472 5132 1537 5187 eod.
1593 5150 1638 5203 ng.
1650 5132 1845 5189 autemeam.

1251 5202 1297 5267 1⁴)
1316 5200 1401 5254 Manl.
1414 5204 1640 5257 custodientibus.

1252 5268 1297 5338 1⁵)
1318 5273 1393 5334 eum]
1412 5271 1506 5341 scripsi
1526 5288 1581 5343 pro
1593 5288 1652 5341 me,
1673 5268 1748 5342 quad
1761 5264 1849 5324 Minl.
1866 5264 1947 5319 babet
1966 5262 2139 5319 etmenden·
2155 5270 2205 5316 est.

1283 5336 1353 5395 eoa.
1371 5339 1455 5410 Lang.
1469 5358 1504 5393 ae
1525 5359 1559 5394 ue
1572 5358 1619 5394 me
1630 5357 1720 5423 neque
1732 5354 1796 5392 eran
1808 5332 1925 5390 exbibet.

1253 5408 1297 5475 16)
1316 5358 1578 5465 Pnetermiiithaec
1592 5409 1723 5463 Manlius.

1252 5480 1297 5547 17)
1315 5474 1385 5531 cod.
1408 5480 1493 5553 ung.
1516 5478 1543 5535 6.
1560 5478 1677 5545 Aprilis.

1301 5550 1381 5626 60*
