4748 6022
118 213 194 293 ese
290 168 300 175 ”
714 198 1158 280 urtsnonAnuu
1208 204 1387 285 ntem
1435 180 1576 282 tato.
1691 196 1694 201 ·
2080 199 2158 271 eoo

121 398 184 456 est.
230 383 351 455 ‘Deum
371 383 489 475 potius
511 403 594 466 oro,
612 391 667 467 ,ut
682 377 722 447 in
735 372 803 448 hac
816 377 1024 448 confusione
1037 373 1111 446 lm·
1163 402 1244 448 nem
1260 375 1430 472 provehi,
1453 378 1557 448 bonis
1571 389 1605 446 et
1621 375 1733 447 doctis
1748 375 1854 458 viris,
1880 373 1941 466 qui
1958 369 2022 443 has
2038 371 2160 443 literas

122 488 302 580 periorum
326 498 441 554 servet
453 480 647 552 Ecclesiam
668 503 768 552 suam
792 494 827 551 et
839 479 971 551 alicubi
988 478 1112 551 studiis
1163 481 1298 571 legent,
1322 477 1426 550 'hunc
1441 477 1662 550 Fridericum
1680 477 1910 558 commendo,
1936 496 2066 566 eosque
2082 496 2161 555 oro,

123 588 314 681 tranquilla
339 581 491 676 hospitia
515 583 694 656 concedat.
744 579 840 651 Hinc
855 581 1035 673 expellunt
1048 601 1113 648 nos
1164 597 1205 652 ut
1226 605 1306 651 eum
1327 593 1486 651 amanter
1508 580 1784 671 complectantur
1808 590 1842 646 et
1859 588 1998 644 ornent.
2049 572 2161 662 Quod

123 690 178 758 illi
205 688 292 779 ipsi,
324 684 387 779 qui
408 710 444 754 se
466 707 586 775 gerere
603 706 700 752 arma
717 683 899 752 doctrinae
913 703 1015 752 causa
1029 704 1115 773 pro·
1166 682 1370 776 qui'facient
1384 681 1547 773 privatim
1570 705 1611 750 ex
1632 680 1743 771 ipsius
1754 723 1855 752 ......
1870 676 1906 770 *)
1933 691 1967 746 et
1987 675 2162 747 suavitate

123 789 277 860 fitentur.
336 784 575 854 Proficiscitur
598 807 680 874 ergo
700 779 949 876 Hieronymus
971 784 1016 850 ad
1040 805 1114 860 vos,
1166 806 1333 873 magnum
1355 785 1510 853 fructum
1532 782 1688 874 capient,
1727 782 1827 850 etde
1851 779 2030 868 republica
2055 777 2159 845 ineo

125 913 228 982 quem
250 899 395 977 propter
417 885 581 954 eximiam
594 884 632 952 in
649 884 749 954 omni
763 884 878 954 officio
895 883 1114 973 diligentiam
1167 887 1327 955 ornando
1342 887 1434 955 bene
1448 884 1690 958 merebuntur.
1730 878 1812 955 Dat.
1827 877 1971 952 Calend.
1987 877 2163 950 Novemb.
2212 909 2215 912 ⁴

126 1002 161 1059 et
174 987 454 1057 moderationem
472 985 658 1077 complecti
674 998 707 1053 et
722 1008 849 1054 ornare
865 1001 898 1055 te
914 985 1032 1057 velim.
1075 981 1115 1052 Si

126 1114 231 1183 quam
255 1082 413 1159 scholam
435 1086 565 1157 iterum
580 1082 738 1155 habituri
754 1108 895 1172 sumus,
919 1088 965 1157 ad
979 1107 1045 1154 nos
1060 1107 1117 1152 re·

125 1190 219 1260 mitti
238 1211 317 1260 eum
335 1189 439 1261 etiam
455 1212 531 1257 mea
548 1210 651 1257 causa
667 1187 831 1277 optarim.
882 1181 1119 1258 Animadver-

125 1306 178 1362 tes
193 1302 285 1358 recte
301 1290 480 1359 eruditum
496 1311 569 1358 esse
585 1304 619 1359 et
635 1288 760 1357 iudicii
776 1288 1018 1358 dexteritatem
1034 1310 1119 1377 pro-

126 1392 293 1460 baturum
316 1403 349 1459 te
368 1414 440 1460 esse
457 1412 572 1482 spero.
622 1388 720 1485 Bene
735 1389 824 1465 vale.
874 1387 942 1463 Die
958 1386 1119 1459 omnium

126 1504 328 1561 sanctorum
344 1483 392 1583 ¹⁵).
1169 1443 1366 1575 Q·

669 1587 827 1684 Philipp.
843 1583 1069 1659 Me¹³¹¹²h⁰¹h
1134 1640 1137 1646 ·
1503 1643 1829 1726 Testimonium.

1239 1807 1260 1872 †
1275 1803 1314 1858 Es
1335 1797 1489 1872 apographo
1502 1798 1530 1852 in
1544 1799 1607 1856 eod.
1623 1799 1735 1852 Monac.
1746 1797 1791 1854 90.
1805 1795 1858 1848 No.
1872 1792 1931 1848 Vll.
1950 1809 1979 1862 p.
1994 1791 2054 1855 tae.
2069 1790 2165 1847 etalio

126 1923 195 1998 No,
210 1922 323 2001 3592,
390 1950 395 1956 ·
995 1940 1027 2001 ¹·
1041 1931 1122 1997 ΝΜ.
1275 1870 1430 1944 epographo
1448 1868 1476 1920 in
1490 1868 1551 1923 cod.
1568 1867 1679 1922 Monac.
1690 1867 1732 1919 88.
1750 1865 1804 1920 Νο.
1818 1863 1865 1919 lV.
1883 1881 1911 1935 p.
1921 1862 1966 1918 65.

133 2020 307 2052 *mv
986 2027 1121 2056 W*
1404 2022 1672 2097 Testimonium
1699 2019 1927 2118 Tannsri¹).

464 2121 792 2208 mummium·
1173 2159 1259 2250 Etsi
1280 2178 1316 2245 io
1338 2172 1406 2245 hac
1426 2175 1568 2244 mortali
1590 2173 1663 2243 vita
1683 2171 1820 2262 generis
1834 2166 1984 2241 humani
1999 2169 2168 2261 imperio-

196 2281 272 2349 ΗΞ*
287 2279 443 2355 apographo
455 2279 485 2334 ¹¹¹
496 2280 559 2337 ⁶0&
572 2281 686 2340 Monac.
701 2282 744 2337 ⁸8·
763 2280 815 2335 ΝΟ·
832 2277 880 2334 Ν·
897 2295 926 2350 t>-
940 2277 1001 2335 345·
1175 2306 1254 2351 rum
1284 2279 1409 2349 ruinae
1434 2276 1566 2346 multae
1598 2287 1632 2345 et
1658 2274 1775 2343 variae
1799 2272 1967 2343 omnibus
1985 2271 2169 2342 'aetatibus

1942 2369 1955 2402 2

98 2431 219 2527 ,so
253 2429 456 2525 revetere
486 2432 705 2525 elaeae
738 2428 1029 2520 sessaniae
1051 2421 1125 2524 “i
1174 2370 2167 2562 tttlltt¹ttttttlttttlsttsitiat?

131 2562 186 2653 Et
200 2577 394 2647 necessaria
412 2589 496 2646 sunt
511 2574 604 2669 ritae
619 2572 796 2647 humanae
814 2575 929 2646 studia
945 2575 1126 2646 doctrinae
1175 2584 1316 2662 elesiam
1339 2593 1453 2649 servat
1475 2578 1728 2648 celebraturam
1749 2578 1865 2666 ipsum
1882 2576 1920 2643 in
1937 2575 2037 2645 omni
2051 2587 2167 2643 aeter-

132 2685 177 2752 de
192 2674 288 2763 Deo,
317 2679 362 2747 de
380 2677 457 2746 iure
476 2689 511 2746 el
526 2676 666 2747 iusticia
683 2692 717 2748 ei
732 2679 811 2748 allis
824 2679 929 2747 rebus
944 2678 1067 2756 bonis,
1093 2690 1127 2746 ei
1176 2685 1296 2756 nitate.
1345 2678 1507 2774 Cumque
1528 2674 1621 2748 hanc
1642 2702 1728 2747 voce
1745 2675 1930 2767 Evangelii
1952 2688 1986 2746 et
2003 2676 2168 2746 doctrina
2281 2744 2283 2748 a

132 2785 182 2853 ita
202 2793 286 2848 sunt
308 2779 492 2863 salutaria,
518 2801 598 2846 cum
613 2792 760 2849 naturae
775 2779 987 2849 discentium
1004 2778 1128 2848 mode·
1177 2786 1337 2876 colligat,
1361 2807 1436 2853 non
1459 2780 1545 2852 sinit
1562 2803 1707 2871 prorsus
1723 2778 1881 2870 extingui
1895 2778 2076 2848 literarum
2091 2792 2169 2847 stu-

133 2897 230 2954 ratae
252 2893 353 2960 sunt,
387 2892 420 2948 et
443 2878 639 2972 simplicem
657 2881 839 2951 veritatem
855 2893 991 2964 amant,
1018 2893 1052 2949 et
1067 2903 1128 2948 or·
1177 2888 1255 2972 dia,
1285 2885 1520 2977 pietatemque
1536 2882 1657 2951 laudat
1673 2904 1816 2965 eorum,
1847 2879 1910 2973 qui
1927 2878 2044 2951 literas
2061 2891 2095 2947 et
2110 2903 2169 2948 ar-

135 2986 218 3056 dine
234 2982 386 3065 discunt,
413 2993 480 3050 eta
495 2978 569 3050 Deo
587 2995 730 3053 aeterno
746 2994 845 3074 patre
860 2980 1000 3050 domini
1015 2980 1129 3049 nostri
1177 3003 1228 3059 tes
1241 2984 1418 3056 Ecclesiae
1438 2983 1543 3054 utiles
1565 2982 1726 3062 discunt,
1752 2994 1792 3057 ut
1813 3005 1877 3055 suo
1899 2981 2020 3051 labore
2035 2980 2170 3072 pratee

136 3081 219 3157 l.C.
260 3083 491 3158 ubernaniur·
541 3078 706 3174 Comperi
725 3081 895 3152 autemin
911 3074 1130 3153 hocFre'dc-
1178 3091 1314 3160 sionem
1330 3082 1358 3181 3)
1385 3085 1568 3157 doctrinae
1591 3083 1750 3154 coelestis
1771 3096 1948 3157 tueantur.
2000 3081 2052 3154 lta
2076 3080 2172 3151 Pau-

136 3184 210 3254 rico
228 3105 427 3266 dehoram,
460 3180 617 3272 Sigensi,
650 3183 804 3253 nativam
829 3207 902 3253 esse
923 3183 1130 3273 gravitatem
1178 3193 1234 3262 lus
1260 3189 1359 3259 iubet
1380 3180 1611 3261 Timotheum
1631 3184 1808 3257 custodire
1828 3183 2005 3276 egregium
2030 3184 2172 3274 deposi-
2267 3223 2272 3229 -

136 3301 172 3357 et
187 3285 355 3355 eximium
372 3307 529 3353 amorem
544 3286 701 3354 veritatis
718 3299 752 3355 et
768 3285 931 3369 iustitiae,
955 3283 1039 3355 item
1056 3285 1131 3353 sin·
1178 3307 1274 3376 tum,
1297 3289 1462 3359 videlicet
1481 3299 1711 3358 monumenta
1734 3286 1916 3356 doctrinae
1938 3299 1972 3355 et
1994 3281 2173 3355 Ecclesiae

137 3388 294 3478 gularem
319 3384 540 3473 diligentiam
562 3385 601 3452 511
620 3387 720 3454 omni
737 3387 866 3458 officio·
915 3382 1077 3479 Cumque
1095 3407 1131 3453 se
1179 3392 1402 3463 sententiam.
1431 3388 1604 3459 Voluntas
1620 3389 1728 3477 igitur
1743 3381 1899 3478 Georgii
1910 3380 2082 3453 Tanneri
2095 3388 2173 3454 val-

139 3490 183 3558 ad
200 3485 452 3576 rempublicam
468 3501 667 3575 praeparet,
695 3487 759 3555 etsi
774 3488 958 3577 praecipue
976 3510 1012 3556 se
1028 3486 1130 3554 dedi·
1168 3498 1225 3564 de
1247 3494 1431 3586 probanda
1453 3503 1522 3575 est,
1546 3491 1640 3582 quod
1658 3488 1751 3558 iisse
1767 3487 1892 3556 studiis
1907 3485 2091 3574 praecipue
2106 3487 2172 3553 ‹te-

140 3589 194 3658 dit
223 3586 404 3655 doctrinae
435 3583 794 3670 lurisconsultorum,
823 3600 944 3656 tamen
970 3587 1133 3657 adiunxit
1181 3596 1290 3681 didit,
1315 3618 1404 3688 quae
1428 3592 1544 3682 etipsi
1555 3587 1721 3680 privatim
1736 3587 1781 3656 ad
1800 3608 1918 3655 veram
1933 3581 2000 3653 Dei
2017 3583 2171 3673 agnitio-

139 3689 245 3759 etiam
268 3686 422 3779 aliquam
445 3680 691 3778 philosophiae
713 3699 747 3757 ct
764 3681 994 3757 historiarum
1010 3689 1133 3777 cogni-
1181 3721 1263 3771 nom
1295 3709 1331 3766 et
1359 3692 1617 3763 invocationem
1648 3689 1748 3757 etad
1774 3687 1944 3776 regendos
1966 3706 2102 3765 mosee,
2138 3699 2174 3756 et

140 3790 295 3872 ῑῑθῐὶθῐῐὶ.
321 3810 470 3878 quemnt
484 3788 612 3874 fontes,
637 3784 778 3878 greeffli
793 3794 827 3859 et
841 3789 1134 3881 leiimiecrfpio-
1181 3799 1311 3870 deinde
1339 3796 1377 3864 in
1407 3814 1555 3865 munere
1583 3788 1727 3881 publico
1742 3790 1961 3881 'prodessent
1983 3782 2176 3858 Ecclesiae.

141 3913 197 3959 res
211 3901 363 3972 veteres,
381 3887 484 3956 avide
500 3888 602 3978 legit,
626 3913 777 3983 vereque
792 3890 943 3976 iudicat,
966 3913 1133 3980 magnum
1181 3897 1229 3973 Et
1257 3890 1330 3996 [ut]
1360 3893 1493 3964 maiore
1524 3889 1731 3969 dexteritate
1763 3889 1947 3969 coelestem
1975 3888 2176 3959 doctrinam

142 4004 175 4060 et
199 3991 314 4079 legum
332 4003 366 4058 et
379 3988 472 4057 vitae
487 3989 607 4058 lumen
626 4014 699 4061 esse
715 3986 912 4066 historiam.
965 3988 1135 4080 intelligit
1183 4001 1354 4091 explicare
1372 4006 1489 4088 posset
1509 3993 1676 4063 instmxit
1690 4015 1727 4061 se
1743 3990 1945 4081 cognitione
1958 3989 2176 4079 linguarum,

142 4105 278 4173 aulem,
302 4088 489 4181 Praecipue
510 4092 693 4161 mutilium
712 4088 1134 4184 eseehumanumgenus‚
1182 4101 1330 4184 latinae,
1362 4120 1523 4188 graecae,
1557 4091 1761 4179 hebraicae,
1800 4106 1835 4162 et
1863 4113 1984 4162 omnes
2012 4085 2175 4182 philoso-

143 4206 183 4262 ut
204 4192 243 4259 3¹1
264 4215 304 4262 00
324 4189 456 4260 ¹1⁰fi⁶i³
471 4188 538 4259 Del
559 4192 691 4276 luceat,
718 4191 834 4264 Deum
852 4194 1014 4281 lumel,
1038 4216 1079 4264 ³⁶
1094 4206 1135 4264 ui
1181 4197 1287 4299 plaiae
1303 4213 1421 4293 partes
1434 4196 1659 4268 mediocriter
1674 4195 1810 4281 didicit,
1836 4193 1930 4287 quod
1946 4215 1987 4261 eo
2001 4192 2085 4262 fecit
2099 4193 2175 4262 avi-

143 4295 187 4363 ad
216 4315 378 4362 normam
398 4293 540 4361 divinae
562 4294 691 4362 mentis
710 4307 782 4385 tota
806 4308 929 4365 nostra
951 4296 1024 4367 vita
1045 4318 1135 4367 con·
1180 4302 1281 4388 dius,
1307 4300 1410 4397 quia,
1437 4324 1517 4370 cum
1534 4311 1658 4368 natura
1676 4299 1721 4367 ad
1737 4295 1892 4391 musicen
1911 4293 2010 4385 quasi
2028 4294 2073 4362 ab
2089 4294 2176 4384 ipsis

142 4406 256 4484 gruel·
295 4391 379 4463 lde⁰
396 4393 594 4465 d⁰ciri1¹em
608 4397 652 4465 <le
666 4392 743 4464 Deo
760 4395 1147 4503 illustribtofflttmo-j,
1181 4404 1294 4479 musis
1315 4403 1432 4474 insitis
1445 4400 1641 4479 seminibus
1658 4398 1812 4481 seratur,
1845 4419 1919 4463 non
1935 4407 2073 4463 tantum
2090 4390 2176 4465 har-

143 4494 214 4588 niis
237 4495 280 4575 in¹
292 4486 448 4564 Ecclesia
469 4490 640 4566 catholica
655 4491 790 4566 Christi
810 4497 976 4570 naditsm
995 4496 1147 4585 didicit?
1179 4506 1321 4579 monias
1344 4527 1489 4585 vocum,
1520 4501 1583 4569 sed
1606 4497 1711 4568 etiam
1728 4498 1766 4565 in
1782 4494 1917 4589 reliqua
1935 4509 2059 4564 natura
2074 4496 2177 4583 coeli,

144 4608 178 4664 et
193 4593 417 4685 amplectitur
433 4619 642 4667 consensum
658 4593 850 4669 catholicae
863 4592 1038 4689 Ecclesiae
1053 4596 1120 4673 Ile·
1184 4608 1223 4675 in
1243 4606 1499 4677 elomentorum
1516 4600 1622 4677 serie,
1648 4598 1688 4666 in
1705 4622 1823 4667 rerum
1841 4597 2058 4666 nascentium
2076 4597 2179 4667 utili·

143 4695 303 4765 Primum
326 4693 435 4782 igitur
448 4692 564 4769 Deum
579 4723 720 4791 precor,
748 4712 789 4770 ut
802 4686 1141 4791 universum-ennii
1183 4708 1334 4791 tatibus,
1366 4702 1519 4792 deniqne
1541 4699 1579 4768 in
1601 4694 1777 4770 humanae
1800 4698 1928 4769 mentis
1947 4698 2073 4766 ordine
2089 4723 2179 4769 con·

143 4797 263 4865 tulum
289 4796 380 4866 vilae
402 4797 515 4888 ipsius
537 4812 570 4867 ei
591 4799 705 4869 studia
729 4800 915 4888 gubernet·
964 4794 1030 4883 El,
1055 4822 1135 4868 cum
1165 4808 1389 4893 ,cinnitatem
1420 4812 1700 4894 concentumque
1725 4816 1759 4872 ct
1782 4794 1881 4894 quasi
1905 4796 2111 4869 harmonias
2132 4800 2180 4868 li-

143 4897 358 4989 reipublicae
373 4902 557 4986 conducat,
579 4900 673 4972 bona
690 4898 833 4992 ingenia
847 4900 892 4970 ad
907 4897 1139 4990 gubernatio-

1175 5002 1179 5009 ,
1219 5036 1250 5108 et)
1267 5035 1390 5108 Legitur:
1411 5035 1500 5105 vtem,
1522 5036 1597 5108 quod
1611 5037 1742 5091 mendum
1755 5046 1805 5096 est.
1841 5035 2015 5106 Expectasses
2028 5037 2179 5093 virtutum

175 5132 203 5201 ¹⁸)
221 5133 434 5208 Adscripsitslia
446 5152 542 5191 manos
555 5152 622 5196 ann.
638 5134 713 5190 test.
748 5133 801 5191 Sed
814 5143 856 5191 est
866 5133 964 5207 scripta
975 5151 1047 5188 auno
1061 5133 1138 5191 1545,
1255 5106 1298 5163 vel
1313 5101 1365 5159 tole
1376 5103 1455 5174 quid.

159 5215 223 5288 =**)
241 5218 357 5277 vitetur
370 5218 540 5275 Schwarzius
553 5219 625 5290 opud
643 5218 845 5275 commilitones
858 5235 1014 5314 cognomen
1026 5217 1075 5273 tiis
1094 5221 1138 5275 ani
1179 5252 1182 5257 -
1222 5191 1249 5248 n
1264 5188 1333 5244 ⁰⁰⁶·
1349 5188 1461 5242 M⁰¹¹²⁰·
1477 5188 1519 5242 3³·
1533 5185 1627 5243 ‘⁶‘be
1642 5187 1797 5244 mum·

208 5287 360 5411 ff‘m'fi‘l
374 5286 501 5343 habuisse
514 5288 550 5343 ob
562 5290 891 5361 „nativamgmvitatem
909 5324 920 5359 ,
939 5287 1059 5361 qmmoi
1105 5307 1135 5341 e.
1220 5276 1250 5345 2)
1270 5272 1579 5330 emensitatem.

167 5437 170 5442 ἱ
236 5355 322 5417 utho!
332 5355 379 5411 διο
391 5355 494 5412 tribuit·
966 5436 970 5449 ¹
1219 5358 1248 5428 8)
1267 5357 1299 5414 C.
1314 5355 1427 5412 Monac.
1440 5354 1483 5410 88.
1494 5354 1708 5422 possessionem.

1112 5594 1127 5626 N
