4748 6022
10 308 12 377 l
55 299 135 381 258

10 476 12 481 ’
82 469 299 546 Antonio
331 464 661 644 ''Wlffffl'r
703 467 860 545 Pastori
890 468 1031 548 Eccles.

507 599 642 646 rrnens.

10 710 12 725 ¹
56 702 102 797 S.
127 719 175 797 D.
224 719 399 795 Crescunt
413 723 537 808 nobis,
561 739 601 794 ut
617 724 732 806 vides,
756 724 929 815 pericula,
955 749 1055 818 quae,

56 836 95 897 et
109 820 209 896 Deus
230 825 387 914 mitiget,
422 826 605 895 nobiscum
628 841 709 897 vota
728 828 853 909 facito,
885 842 923 897 ut
939 829 1053 896 lacere

42 940 92 1001 te
111 950 189 996 non
212 928 349 996 dubito.
401 924 450 997 Ut
470 928 565 995 enim
584 923 762 996 Ieremias
787 930 944 1012 dolebat,
970 931 1051 1019 pul-

56 1022 269 1100 cherrimam
285 1041 359 1097 toto
378 1029 464 1096 orbe
482 1043 655 1098 terrarum
674 1031 832 1120 politiam
849 1031 977 1115 deleri,
1003 1032 1052 1100 ita

55 1154 122 1202 nos
149 1129 326 1214 dolemus,
365 1123 494 1199 harum
521 1131 705 1219 regionum
730 1145 858 1200 statum
885 1146 920 1202 et
945 1156 1050 1200 orna-

56 1244 177 1303 menta
191 1232 315 1300 venire
330 1230 368 1299 in
383 1232 584 1312 discrimen,
612 1257 701 1324 quae
716 1234 880 1302 omnibus
894 1257 1052 1302 necessa-

55 1334 120 1405 riis
140 1333 246 1404 bonis
265 1356 361 1403 nunc
382 1334 525 1424 quidem
548 1334 763 1403 antecellunt
783 1335 861 1402 aliis
877 1335 1053 1423 gentibus,

56 1447 150 1506 statu
165 1431 421 1514 Ecclesiarum,
449 1434 578 1517 literis,
606 1436 767 1518 iudiciis,
794 1436 981 1526 disciplina
1000 1436 1052 1505 ci·

54 1537 218 1608 vitatum.
244 1533 339 1604 Haec
356 1534 385 1603 si
402 1535 521 1603 omnia
537 1537 747 1623 consideres,
773 1537 934 1606 invenies
949 1561 1051 1628 prae-

56 1637 228 1709 stantiora
250 1659 424 1729 nusquam
449 1636 545 1708 alibi.
599 1636 743 1707 Utinam
767 1639 943 1730 principes
967 1635 1050 1708 haec

57 1740 153 1809 bona
168 1739 260 1832 tueri
277 1739 442 1822 mallent,
468 1762 558 1830 quae
574 1739 739 1830 quidem,
767 1743 795 1807 si
818 1740 1050 1808 domesticum

57 1840 193 1910 bellum
221 1840 440 1921 movebitur,
475 1863 617 1906 manere
637 1841 773 1928 integra
793 1864 867 1909 non
890 1854 1050 1930 possunt.

58 1936 133 2031 Ego
149 1943 284 2011 demea
301 1942 372 2010 vita
389 1963 462 2007 non
477 1964 554 2008 sum
571 1941 762 2025 sollicitus,
787 1944 847 2009 sed
864 1943 907 2009 de
924 1936 1049 2009 harum

56 2044 241 2132 regionum
265 2056 299 2113 et
316 2040 492 2111 Ecclesiae
514 2055 547 2109 et
568 2042 781 2130 posteritatis
803 2044 914 2112 salute
929 2065 1050 2131 angor.

57 2141 151 2215 Bene
165 2143 254 2214 vale.
305 2146 375 2216 Die
391 2142 453 2217 28.
469 2138 638 2212 Octobris
653 2166 748 2212 anno
769 2140 903 2313 1546.Ρ
944 2243 985 2312 η

906 2292 916 2314 ι
944 2262 998 2315 l'·

62 2576 122 2650 No.
145 2572 258 2647 5585.

69 2677 272 2713 W
870 2673 1041 2702 Μ

285 2773 488 2870 Alteros,
518 2773 638 2856 Duci
661 2775 808 2857 Pruss.

122 2937 159 2990 Er
179 2930 346 3004 autographo
361 2932 430 3012 edita
447 2950 461 2984 a
477 2931 566 2985 Fabro
581 2933 608 2985 in
623 2932 708 3002 Epist.
723 2952 748 3004 p.
763 2934 820 2988 126.
836 2933 913 3004 epist.
928 2934 970 2990 86.
985 2954 1047 2988 cum

155 3000 1048 3143 uerear..eiecerenuntient

155 3150 260 3194 tantum
282 3135 389 3196 dissert,
414 3144 443 3184 ut
463 3135 597 3202 optimum
619 3137 684 3190 mihi
699 3139 785 3190 risum
800 3139 897 3204 luerit,
921 3141 978 3193 eius
992 3150 1048 3193 ter·

154 3219 213 3261 tum
228 3207 362 3272 integrum
375 3201 419 3254 bic
430 3203 584 3272 adiungere.

252 3373 290 3437 A)
316 3369 455 3434 Εμιζςιοὶα,
489 3379 519 3419 ut
543 3369 636 3423 Faber
662 3388 727 3422 eam
751 3372 848 3424 edidit.

279 3482 468 3554 Alberlo
497 3482 603 3555 Duri
627 3481 814 3590 l'rrrssine.

61 3620 161 3727 RD.
218 3633 460 3704 lllustrissime
488 3634 673 3725 princeps,
707 3631 863 3704 Domine
889 3636 1045 3705 clemen-

60 3742 196 3833 tissime.
248 3734 336 3806 Heri
358 3735 554 3825 accepimus
576 3760 616 3804 ex
632 3732 764 3806 Castris
782 3736 940 3805 Suevicis
961 3739 1041 3807 lite-

58 3869 125 3935 μ,
147 3840 296 3931 scriptas
317 3837 376 3907 die
391 3833 560 3906 Octobris
584 3838 881 3931 decimoquinto,
907 3840 945 3905 in
962 3841 1042 3932 qui-

56 3946 117 4025 bu
136 3941 401 4034 significabatur
415 3927 594 4007 Carnium
618 3936 706 4029 lmp.
723 3940 902 4007 accessisse
918 3942 960 4008 ad
978 3967 1042 4032 op-

649 296 1085 377 nrrsronanun
1135 301 1240 375 cm.
1273 303 1320 379 x.
1374 302 1501 381 1546.

2024 302 2101 380 254

1109 472 1222 544 causis
1244 475 1421 546 veteribus
1445 492 1480 548 et
1501 477 1615 563 notis,
1644 479 1704 548 sed
1727 501 1767 548 ex
1783 477 1964 549 occasione
1979 475 2051 546 levi
2066 489 2100 546 et

1108 575 1274 663 obscura,
1305 601 1468 668 magnam
1495 592 1530 650 et
1552 580 1691 650 fatalem
1709 603 1857 670 poenam
1874 603 1965 665 esse,
1991 600 2098 671 quam

1107 690 1147 748 ut
1168 678 1263 750 deus'
1277 679 1414 768 mitiget
1434 704 1627 771 precemur.
1678 678 1728 751 Et
1745 705 1949 774 quanquam
1967 678 2099 772 aliqui-

1105 780 1172 848 bus
1193 780 1414 874 principibus
1436 783 1644 875 impendent
1666 805 1766 850 sevae
1788 784 2017 865 mutationes,
2043 794 2097 849 ta-

1105 904 1187 949 men
1207 907 1280 952 non
1300 884 1516 954 delebuntur
1529 883 1706 953 Ecclesiae
1728 885 1784 952 dei
1805 884 1984 962 funditus,
2012 880 2095 973 qui·

1104 984 1170 1052 bus
1196 998 1237 1055 ut
1266 986 1353 1054 deus
1375 987 1505 1055 alicubi
1529 985 1719 1077 tranquilla
1740 980 1894 1075 hospitia
1917 985 2096 1064 concedat,

1103 1097 1206 1175 opto,
1231 1110 1276 1154 ne
1295 1087 1354 1155 lux
1370 1088 1552 1158 doctrinae
1571 1088 1805 1175 extinguatur.

1204 1217 1258 1288 De
1286 1216 1483 1309 theologico
1511 1221 1706 1310 professore
1739 1219 1931 1288 indicando
1956 1216 2096 1285 locutus

1103 1332 1153 1389 est
1168 1319 1223 1389 vir
1237 1322 1460 1390 doctissimus
1477 1319 1523 1390 D.
1540 1317 1707 1390 Sabinus
1724 1347 1802 1391 curn
1816 1320 1861 1391 D.
1877 1311 2096 1388 Camerario

1103 1433 1138 1489 et
1151 1444 1300 1491 mecum.
1326 1423 1466 1514 utrique
1481 1437 1641 1492 nostrum
1660 1425 1798 1491 videtur
1813 1424 1963 1490 idoneus
1976 1419 2097 1487 Victo-

1101 1522 1224 1607 rinus,
1249 1523 1306 1591 vir
1326 1517 1497 1593 honestus
1517 1539 1551 1595 et
1568 1527 1690 1593 doctus
1705 1549 1744 1593 ac
1761 1522 1805 1596 D.
1822 1514 2011 1617 Staphylo
2026 1544 2095 1589 no-

1102 1637 1168 1695 tus.
1221 1623 1294 1692 Nec
1314 1626 1477 1693 voluntas
1502 1624 1577 1695 eius
1600 1620 1766 1695 abhorret
1783 1650 1803 1694 a
1819 1623 2037 1716 profectione
2055 1621 2093 1688 in

1101 1723 1297 1809 Prussiam,
1332 1728 1392 1795 sed
1416 1728 1578 1795 nondum
1605 1727 1787 1817 promisit,
1820 1727 1903 1819 quia
1925 1736 2006 1793 ante
2027 1718 2095 1792 hoc

1102 1840 1238 1917 tempus
1254 1827 1374 1896 literas
1394 1829 1437 1895 ad
1457 1851 1538 1895 suos
1556 1829 1668 1909 misit,
1701 1853 1719 1895 a
1739 1828 1869 1920 quibus
1888 1847 2094 1917 responsum

1101 1926 1170 1995 sibi
1200 1931 1452 2016 expectandum
1477 1951 1548 1997 esse
1578 1928 1705 2020 inquit.
1767 1927 1837 1998 Sed
1862 1929 1928 1995 deo
1952 1927 2094 1994 iuvante

1101 2028 1158 2096 vel
1187 2023 1282 2096 hunc
1311 2025 1542 2098 Victorinum
1566 2030 1764 2111 mittemus,
1802 2030 1859 2098 vel
1880 2028 1988 2096 alium
2016 2026 2096 2094 ido-

1099 2152 1207 2199 neum
1225 2124 1403 2199 hominem
1420 2131 1666 2202 indicabimus.

1201 2259 1308 2348 Quod
1336 2276 1451 2331 autem
1473 2259 1655 2333 Celsitudo
1685 2277 1798 2332 vestra
1828 2261 1997 2352 singulari
2025 2263 2096 2333 cle-

1101 2363 1232 2431 mentia
1248 2377 1367 2433 tuetur
1382 2361 1426 2432 D.
1442 2358 1646 2448 Sabinum,
1672 2387 1839 2453 generum
1854 2387 1972 2436 meum
1988 2361 2096 2432 caris·

1100 2463 1249 2548 simum,
1282 2465 1408 2553 gratias
1434 2488 1497 2553 ago
1521 2464 1731 2535 Celsitudini
1757 2478 1912 2550 vestrae,
1938 2478 1974 2533 et
1996 2485 2097 2531 reve-

1101 2579 1220 2635 renter
1247 2591 1331 2650 oro,
1365 2580 1402 2636 ut
1427 2567 1591 2657 deinceps
1613 2591 1754 2660 quoque
1778 2566 1886 2634 simili
1911 2563 2094 2634 clementia

1100 2691 1180 2737 eum
1202 2680 1351 2739 tueatur.
1404 2666 1494 2736 Nam
1517 2682 1551 2737 et
1574 2670 1743 2738 virtutem
1768 2669 1843 2736 eius
1868 2681 1903 2737 et
1921 2666 2095 2735 eruditio-

1100 2793 1182 2838 nem
1214 2792 1315 2860 spero
1350 2769 1565 2859 reipublicae
1595 2770 1675 2840 usui
1710 2784 1744 2839 et
1773 2784 1981 2840 ornamento
2008 2769 2094 2835 lore.

1099 2867 1195 2938 Deus
1226 2884 1389 2940 aeternus
1418 2885 1516 2960 pater
1549 2872 1686 2940 domini
1713 2873 1826 2940 nostri
1854 2869 1933 2939 lesu
1958 2864 2093 2938 Christi

1099 2986 1213 3042 servet
1234 2969 1325 3041 Cels.
1348 2998 1380 3039 v.
1406 2972 1619 3040 incolumem
1644 2985 1677 3040 et
1698 2972 1885 3041 salutarem
1910 2992 2028 3057 pacem
2053 2967 2091 3033 in

1099 3072 1234 3141 ditione
1249 3070 1339 3142 Cels.
1355 3098 1386 3143 v.
1403 3086 1560 3157 tueatur,
1592 3086 1626 3142 et
1643 3073 1681 3139 in
1698 3067 1755 3139 his
1771 3072 1974 3162 regionibus
1990 3066 2092 3138 resti-

1098 3186 1184 3244 tuat·
1234 3171 1344 3242 Datae
1362 3174 1418 3240 die
1432 3173 1492 3244 29.
1509 3169 1687 3244 Octobris.

1412 3271 1626 3344 Celsitudiui
1642 3286 1776 3343 vestrae

1688 3373 1949 3443 addictissimus

1609 3470 1796 3567 Philippus
1815 3467 2039 3543 Melantlron.

1292 3668 1331 3735 B)
1354 3666 1484 3736 Epistola
1503 3688 1541 3724 ex
1558 3675 1721 3739 apographo
1742 3672 1887 3726 Gotbano.

1432 3791 1537 3863 Duri
1557 3790 1747 3872 Prussiae.

1196 3937 1437 4010 lllustrissime
1469 3940 1657 4034 Princeps,
1701 3947 1845 4017 domine
1879 3949 2086 4018 clementiss.

55 4048 171 4155 pidum
198 4036 366 4134 Gangen,
397 4063 470 4109 non
492 4039 616 4130 procul
640 4042 684 4108 ab
709 4035 827 4109 Ulmo
850 4042 975 4126 sitnm,
1009 4057 1042 4114 et
1092 4038 1181 4109 Heri
1198 4043 1395 4131 accepimus
1412 4067 1452 4111 ex
1473 4046 1605 4129 castris,
1631 4072 1720 4139 qnae
1737 4074 1834 4119 nunc
1848 4065 1929 4120 sunt
1944 4051 1980 4117 in
1996 4049 2084 4119 Sue-

55 4170 216 4247 quaerere
247 4142 549 4237 opportunitatem
578 4141 784 4210 transeundi
807 4139 844 4207 in
865 4138 1040 4212 Ducatum
1092 4143 1169 4222 via,
1208 4144 1328 4212 literas
1355 4145 1500 4232 scriptas
1528 4146 1585 4214 die
1609 4143 1757 4219 Octobr.
1786 4150 1862 4235 15„
1883 4151 1933 4217 »in
1956 4149 2085 4241 quibus

53 4248 401 4335 Wirtebergensem,
425 4244 487 4312 ubi
511 4242 700 4311 exercitum
720 4264 821 4310 suum
839 4242 986 4313 collocet
1001 4245 1040 4313 in
1090 4243 1364 4330 significabatur,
1387 4232 1567 4316 Corolum
1583 4249 1828 4339 imperatorem
1844 4251 2023 4319 accessisse
2039 4253 2084 4320 ad

53 4346 220 4429 bibernis.
266 4345 436 4440 Sequitur
451 4369 532 4414 eum
549 4343 718 4413 exercitus
732 4344 991 4412 foederatorum
1008 4360 1041 4416 et
1091 4345 1262 4435 oppidum
1285 4336 1455 4438 Gengcn,
1496 4373 1569 4419 non
1599 4354 1722 4440 procul
1753 4354 1798 4420 ab
1822 4346 1940 4421 Ulmo
1966 4352 2084 4426 situm.

53 4451 235 4549 inpedivit
255 4473 300 4517 ne
324 4448 366 4515 ad
384 4444 526 4516 Ulmam
542 4446 730 4516 accederet.
780 4442 888 4514 Levia
906 4447 1039 4534 proelia
1090 4442 1140 4514 Et
1151 4445 1369 4516 existimatur
1381 4472 1548 4540 quaerere
1562 4453 1861 4541 opportunitatem
1877 4454 2084 4523 transeundi

53 4556 186 4655 abquot
208 4564 295 4623 tune
316 4549 499 4618 commissa
515 4561 598 4617 sunt
614 4547 823 4615 secundiora
842 4547 1040 4616 foederatis.
1090 4547 1128 4615 in
1161 4544 1337 4617 Ducatum
1376 4548 1750 4640 Wirtenbergensem,
1795 4553 1859 4622 ubi
1893 4555 2082 4625 exercitum

54 4652 123 4733 Etsi
144 4668 264 4727 autem
285 4674 384 4720 mora
407 4663 509 4719 nocet
531 4648 737 4731 foederatis,
772 4661 889 4717 tamen
913 4647 940 4715 si
965 4673 1038 4718 uno
1089 4670 1192 4716 suum
1216 4649 1364 4719 collocet
1387 4651 1424 4718 in
1450 4647 1617 4723 hibernis.
1675 4654 1846 4747 Sequitur
1867 4656 1963 4725 enim
1985 4681 2084 4727 exer·

56 4772 183 4833 hatum
205 4757 244 4824 in
259 4754 338 4823 loco
352 4752 486 4820 bellum
503 4764 608 4831 esset,
636 4772 713 4840 spes
728 4763 815 4819 esset
834 4750 944 4838 magis
964 4750 1040 4839 pla·
1090 4748 1180 4818 citus
1194 4751 1466 4836 foederatorum,
1485 4768 1517 4823 et
1534 4779 1575 4822 eo
1591 4753 1667 4842 ipso
1683 4756 1751 4838 die,
1770 4781 1840 4849 quo
1856 4757 1978 4827 literae
1993 4760 2081 4827 scri-

57 4863 140 4939 tilos
160 4857 277 4931 exitus
294 4855 380 4927 lore.
432 4851 536 4921 Nunc
552 4851 647 4920 aliud
664 4852 796 4919 bellum
814 4852 851 4920 in
872 4846 936 4921 bac
952 4851 1038 4919 vici·
1090 4863 1169 4941 ptae
1201 4864 1302 4931 sunt,
1340 4868 1485 4922 narrant
1515 4855 1655 4924 circiter
1680 4857 1756 4926 500
1780 4859 1981 4929 interfectos
2009 4885 2082 4932 esse

59 4964 102 5041 ι’·
122 4963 170 5035 ad
197 4958 320 5030 Albim
343 4955 484 5026 accedit.
535 4945 901 5023 RexFerdinandus
920 4952 1036 5043 copias
1088 4951 1268 5044 utrinque.
1319 4949 1395 5022 Etsi
1420 4969 1536 5024 runem
1559 4980 1655 5024 mora
1680 4974 1781 5029 nocet
1797 4962 2002 5043 foederatis,
2027 4977 2082 5034 ta.

59 5054 232 5139 lerasunts
251 5057 405 5153 Mysiam
426 5057 467 5125 ad
490 5050 611 5125 Albim
637 5078 725 5147 quae
747 5068 864 5123 tamen
886 5078 960 5123 non
982 5078 1036 5122 es·
1090 5077 1187 5136 men,
1213 5053 1243 5121 si
1257 5077 1329 5122 uno
1344 5067 1482 5123 tantum
1501 5057 1538 5123 in
1555 5057 1631 5127 loco
1648 5059 1782 5128 bellum
1799 5075 1906 5142 esset,
1932 5087 2011 5152 spes
2027 5090 2081 5135 es-

52 5184 120 5241 ent
139 5160 403 5242 formidabiles,
433 5159 500 5227 nisi
516 5155 596 5225 Dux
609 5151 823 5224 Mauricius
840 5157 1035 5225 ostenderet
1086 5167 1154 5238 set,
1180 5178 1254 5221 non
1270 5167 1377 5224 tetros
1392 5156 1503 5226 exitus
1519 5158 1604 5230 fore.
1639 5158 1742 5230 Nunc
1758 5163 1855 5231 aliud
1872 5165 2005 5233 bellum
2022 5192 2082 5238 ex.

57 5276 360 5357 teoccupaturum
393 5283 465 5328 esse
495 5259 664 5328 ditionem
695 5255 881 5326 Electoris.
949 5254 1035 5326 lnde
1087 5257 1215 5324 citatur
1238 5255 1276 5323 in
1291 5251 1439 5349 Mysia.
1489 5256 1567 5330 Rex
1586 5254 1854 5332 Ferdinandus
1873 5267 1990 5353 copias
2015 5263 2078 5336 lra-

55 5374 156 5445 nius
191 5363 397 5439 incendium
433 5361 471 5428 in
503 5355 569 5428 lrac
594 5359 794 5449 germaniae
820 5384 881 5429 ora
906 5373 1035 5429 metuo.
1086 5359 1156 5436 bet,
1182 5359 1241 5425 sed
1258 5354 1333 5427 Deo
1352 5358 1495 5429 iuvante
1507 5363 1611 5431 facile
1627 5366 1773 5455 reprimi
1789 5380 1940 5455 possent.
1974 5366 2079 5440 Nunc

132 5467 292 5547 ostendit
310 5459 378 5536 hoc
399 5461 550 5549 bellurn,
584 5461 679 5556 quod
703 5461 820 5535 subito
842 5461 970 5534 exarsit
993 5484 1034 5531 cx
1085 5481 1170 5529 vero
1185 5451 1401 5530 Mauritius
1416 5463 1587 5545 ostendit,
1613 5488 1650 5536 se
1666 5478 1918 5559 occupaturum
1935 5490 2009 5540 esse
2024 5471 2081 5542 di-
