4748 6022
162 293 239 371 tos

163 468 275 539 blicas
289 479 323 537 et
341 464 517 556 privatas,
529 477 564 535 et
580 479 692 534 servet
706 459 884 535 Ecclesiae
898 464 1076 558 reliquias,
1091 486 1157 532 nce

165 568 324 657 extingui
338 568 452 636 lucem
466 567 649 636 doctrinae
663 567 767 634 sinat.
818 565 914 635 Bene
931 567 1024 648 vale,
1051 580 1083 635 et
1101 567 1157 632 iu-

165 671 305 740 terdum
328 669 374 736 ad
396 689 462 736 nos
484 668 639 739 scribito.
688 664 846 736 Salutem
868 680 951 758 opto
975 663 1022 739 D.
1043 660 1159 735 Rivio

166 783 200 841 et
217 765 469 850 Dabercnsio,
495 768 595 838 cuius
606 789 730 836 versus
743 768 800 836 edi
815 770 958 838 curabo.

179 1091 248 1168 No.
273 1088 386 1164 4048.

168 1194 384 1234 w

448 1270 636 1354 Iohanni
664 1273 875 1352 ministro.

126 1522 132 1528 .
231 1443 318 1516 uper.
333 1442 382 1499 us.
395 1441 430 1497 n.
448 1462 475 1516 p.
489 1443 548 1497 sss.
568 1444 623 1511 (aa.
638 1442 727 1499 cona.
743 1441 792 1498 us.
803 1441 840 1496 11.
859 1443 997 1513 suut).

999 1100 1055 1163 ts.
1075 1091 1146 1156 Oet.

412 1596 628 1672 Iohanni
651 1597 834 1672 Ministro
850 1624 918 1671 sno

165 1731 210 1846 8.
230 1747 275 1823 l).
325 1744 542 1822 Charissime
556 1744 768 1834 Iohannes,
797 1748 877 1822 Etsi
895 1753 1013 1822 sedem
1029 1767 1159 1824 certam

165 1853 328 1922 nondum
347 1846 405 1921 hic
421 1848 612 1933 habemus:
636 1868 755 1923 tamen
771 1877 826 1921 me
841 1877 970 1945 operae
994 1869 1160 1947 typogra-

164 1948 289 2045 phicae
312 1953 482 2025 detinent.
533 1953 686 2025 Vendita
712 1967 794 2024 sunt
818 1956 884 2024 tria
905 1956 1018 2024 millia
1042 1981 1160 2026 mem-

164 2055 308 2146 plorum
328 2049 563 2125 Dialectices.
621 2055 726 2126 Nunc
748 2056 948 2137 recuditur,
979 2070 1013 2127 et
1036 2080 1158 2126 emen·

165 2155 308 2226 datione
322 2156 467 2246 indiget.
497 2154 647 2226 Decrevi
662 2157 770 2248 igitur
785 2181 958 2227 accersere
974 2158 1159 2249 familiam,

165 2280 205 2326 ac
229 2257 332 2342 volo,
358 2254 502 2330 ut'cum
524 2259 689 2328 valetudo
707 2258 880 2328 uxorisne
896 2258 1093 2348 puellarum
1111 2261 1160 2327 si-

165 2371 245 2442 net,
277 2357 355 2426 istic
378 2381 503 2429 currus
524 2358 748 2442 conducatis,
781 2373 817 2429 et
840 2353 910 2428 huc
924 2354 1160 2433 transvehatis

165 2471 277 2529 totam
293 2459 465 2527 familiam
482 2473 517 2530 et
529 2460 792 2551 supellectilem.
841 2458 933 2529 Nam
948 2460 1079 2551 opinor
1094 2462 1160 2530 do·

164 2554 266 2628 mum
279 2559 316 2626 in
332 2583 402 2652 qua
418 2555 605 2644 habitatis,
629 2560 702 2630 iam
716 2558 889 2651 Magistro
907 2554 1076 2630 Andreae
1100 2585 1156 2631 ce·

164 2660 317 2730 dendam
335 2684 425 2746 esse,
450 2675 485 2732 et
500 2687 580 2732 cum
596 2657 655 2732 hic
669 2662 716 2731 sit
729 2661 823 2732 filius
838 2658 993 2748 Sabini,
1019 2659 1157 2732 etmihi

163 2758 204 2830 in
228 2761 343 2831 aliena
369 2763 476 2831 domo
499 2757 626 2858 hyeme
647 2786 792 2832 manere
814 2764 1078 2834 incommodum
1103 2764 1158 2845 sit,

164 2854 225 2930 hic
246 2885 385 2931 mecum
406 2884 480 2933 esse
503 2864 694 2949 familiam,
729 2865 841 2935 donec
860 2863 960 2936 Deus
981 2866 1159 2949 concedet,

164 2961 386 3031 commodius
406 2984 480 3032 esse
496 2962 627 3038 iudico.
677 2962 769 3034 Nam
784 2963 917 3036 etiamsi
933 2987 1056 3035 rursus
1070 2965 1159 3035 aliae

163 3062 466 3155 peregrinationes
501 3064 743 3155 suscipiendae
776 3079 901 3151 erunt,
931 3062 990 3135 bic
1016 3067 1158 3136 mulieri

164 3162 304 3255 reliqua
330 3163 487 3255 supellex
513 3163 731 3255 inspicienda
758 3180 820 3238 est.
849 3234 854 3243 ,
885 3164 1159 3257 Expectabimus

163 3256 224 3333 hic
247 3261 324 3334 Deo
347 3264 491 3336 iuvante
514 3264 645 3337 exitum
669 3262 887 3342 Conventus.
944 3266 1041 3337 Bene
1069 3269 1158 3344 vale.

163 3352 373 3440 DieLucae.

169 3595 688 3612 m--u——o-—m-—n

184 3727 253 3806 No.
268 3728 382 3808 4044.

164 3828 367 3871 '‘³‘'
409 3862 568 4002 *Meci
590 3916 897 4030 Meienbnrgio.

232 4091 317 4159 Epist.
331 4089 421 4150 lisy.
433 4109 462 4163 p.
474 4091 527 4146 690
537 4109 579 4162 sq·

953 3744 957 3749 ’
997 3750 1053 3814 ss.
1073 3743 1146 3812 Oet.

982 3835 1153 3864 Μ

165 4241 222 4320 M
229 4240 408 4317 ichoeli
430 4239 784 4339 Meienbnrgio,
811 4243 958 4317 consuli
977 4243 1161 4327 Northos.

165 4375 215 4466 S.
239 4389 286 4462 D.
335 4389 538 4462 Clarissime
559 4391 617 4461 vir
637 4406 673 4463 et
686 4393 798 4465 amice
815 4389 1029 4472 charissime.-
1079 4396 1159 4471 Etsi

166 4497 212 4566 dc
238 4492 429 4566 Academia
462 4487 578 4563 adbuc
612 4496 742 4584 pendet
775 4495 1000 4570 deliberatio:
1039 4513 1157 4572 nmen

167 4594 251 4689 quia
265 4619 321 4665 me
333 4587 625 4686 Typograpbieae
639 4595 800 4666 alticinae
814 4598 995 4685 detinent,
1019 4625 1157 4675 accerso

166 4690 238 4769 huc
261 4696 452 4782 familiam,
493 4709 528 4766 et
548 4696 650 4767 vobis
670 4709 704 4768 et
729 4693 994 4801 honestissimae
1015 4704 1158 4798 coniugi

167 4892 374 4916 ..n—...h-

119 5033 122 5063 ;
235 5021 312 5097 ctare
326 5013 488 5072 Academiae
499 5013 755 5088 Witsls.legustor
768 5016 849 5073 baec:
867 5019 1158 5090 „minitanturborri-

137 5134 140 5143 ,
234 5082 302 5138 heles
312 5092 404 5138 motus
415 5101 473 5138 nou
485 5086 576 5140 solum
590 5085 779 5142 discordisciu
789 5086 870 5140 rebus
898 5089 1005 5162 obticis,
1018 5095 1064 5147 sed
1076 5097 1157 5152 etism

119 5220 124 5233 .
233 5146 371 5234 Bclipses,
386 5168 503 5223 querum
516 5153 580 5222 ills,
597 5154 624 5206 in
639 5173 691 5226 qus
712 5154 754 5210 sol
774 5174 868 5211 menes
880 5106 1013 5213 horemb.
1026 5163 1158 5219 obaura-

234 5217 310 5273 hrtor
323 5229 445 5289 nugantes
456 5223 588 5276 tumultus
602 5223 727 5295 proximo
740 5240 814 5277 auno
833 5223 935 5280 indicet
975 5226 1039 5308 quia
1056 5231 1085 5285 irs
1105 5233 1158 5289 illis

186 5336 192 5344 .
234 5286 354 5342 tsnelsris
368 5306 431 5342 cum
444 5306 605 5374 congressus
624 5289 895 5361 liatSolis,1.uaac,
960 5303 1024 5363 rtss,
1043 5295 1159 5359 Veneris

133 5369 142 5388 ⁸
236 5355 266 5410 irs
284 5354 354 5410 Scor
373 5356 418 5426 ὀ,
445 5356 583 5429 insipiam
601 5357 673 5414 cosli
690 5369 811 5425 mente,
837 5361 896 5417 dire
913 5379 1018 5420 venen
1038 5368 1158 5426 missso-

235 5422 310 5478 tor.''
372 5423 408 5495 id.
422 5424 529 5496 Scripta
543 5427 617 5498 publ.
635 5425 670 5483 Τ.
682 5428 705 5486 Ι.
720 5446 748 5502 p.
763 5429 813 5485 192
822 5448 864 5501 sq.

165 5498 470 5571 hesmona.
497 5502 653 5572 Vomvl.

746 288 1185 368 nnts'rotanunt
1242 287 1356 370 [AB.
1383 287 1429 364 X.
1481 287 1618 364 1547.
1694 299 1697 303 ’

2125 291 2201 368 706
2234 334 2236 338 1

1205 464 1346 530 ¹uestrae
1376 462 1440 552 pro
1468 461 1634 530 omuibus
1660 460 1859 538 beneficiis,-
1900 486 1989 553 qrsae
2016 463 2053 532 in
2079 487 2137 533 me
2166 478 2200 534 ct

1211 587 1306 632 meos
1324 563 1475 653 plurima
1488 562 1732 631 liberalissime
1745 564 1960 649 contulistis,
1985 590 2049 654 ago
2062 568 2200 655 gratias,

1212 677 1245 733 et
1260 686 1398 754 semper
1413 688 1473 734 ero
1487 676 1617 754 gratus.
1667 660 1708 733 si
1725 663 1836 732 lilium
1854 658 1924 733 huc
1942 667 2097 750 mittetis,
2123 691 2199 735 mea

1212 764 1244 832 ei
1269 764 1382 833 olficia
1407 788 1482 832 uon
1506 767 1666 833 deerunt.
1718 761 1772 832 De
1792 763 1992 834 minoribus
2009 768 2091 836 liliis
2107 771 2198 836 duo-‘

1213 867 1278 934 bus
1295 880 1494 956 expectetur
1508 865 1650 934 venturi
1669 864 1761 933 veris
1784 877 1939 955 tempus,
1964 870 2059 960 quod
2081 869 2111 937 si
2132 869 2199 937 erit

1212 967 1465 1058 tranquillum,
1498 966 1629 1036 alicubi
1652 966 1770 1034 studia
1793 966 1974 1036 literarum
1995 992 2117 1038 rursus
2138 992 2200 1037 co-

1214 1068 1343 1138 lentur.
1381 1065 1452 1137 Sed
1468 1068 1624 1157 profecto
1642 1077 1759 1135 metuo
1775 1065 1950 1137 maiorum
1966 1069 2201 1160 Imperiorum

1214 1168 1438 1236 confusiones
1458 1181 1636 1237 secuturas
1657 1188 1740 1238 esse.
1799 1163 1871 1236 Nec
1894 1181 2032 1239 tantum
2055 1192 2201 1239 moveor

1213 1269 1444 1351 coniecturis,
1483 1269 1633 1359 sumptis
1659 1291 1699 1335 ex
1720 1265 1928 1359 Principum
1948 1271 2202 1355 voluntatibus,

1213 1370 1275 1438 sed
1298 1369 1403 1438 etiam
1426 1383 1537 1439 terrae
1560 1366 1717 1458 Eclipses
1740 1392 1797 1437 me
1816 1380 1961 1443 terrent.
2020 1370 2202 1442 sinceres

1212 1470 1448 1560 pronunciare
1462 1474 1506 1539 de
1522 1471 1591 1538 fine
1606 1492 1745 1554 rerum,
1769 1469 1921 1539 dicerem
1936 1471 2094 1563 proxima
2108 1470 2203 1542 Solis

1212 1568 1348 1661 Eclipsi
1360 1584 1421 1640 aut
1436 1570 1541 1640 finem
1558 1567 1665 1640 huius
1677 1569 1804 1639 mundi
1819 1570 2025 1661 significari,
2051 1585 2113 1642 aut
2126 1596 2202 1640 cer-

1213 1686 1246 1741 te
1279 1671 1420 1741 ruinam
1442 1669 1468 1748 †
1489 1697 1595 1766 quam
1621 1672 1721 1741 brevi
1746 1671 1826 1740 linis
1851 1688 2042 1768 sequutura
2067 1672 2137 1743 sit''
2151 1666 2200 1764 ¹⁵).

1211 1770 1309 1842 Deus
1331 1787 1512 1859 aeternus,
1537 1773 1643 1843 Pater
1656 1770 1806 1843 Domini
1829 1777 1941 1845 nostri
1958 1772 2037 1844 lesu
2053 1768 2201 1857 Christi,

1212 1874 1303 1944 adsit
1319 1875 1441 1958 uobis,
1474 1890 1507 1947 et
1524 1875 1660 1961 mitiget
1675 1872 1888 1944 calamitates
1902 1875 2062 1966 publicas
2077 1887 2110 1944 et
2125 1874 2201 1964 pri-

1211 1988 1329 2059 vatas,
1355 1988 1388 2044 et
1403 1988 1517 2045 servet
1532 1971 1709 2044 Ecclesiae
1725 1997 1808 2045 suae
1822 1973 2007 2067 reliquias,
2033 1989 2067 2045 et
2082 1974 2200 2066 aliqua

1211 2099 1331 2146 carum
1345 2071 1516 2166 hospitia,
1544 2089 1577 2145 et
1590 2088 1703 2145 servet
1716 2099 1779 2145 vos
1800 2087 1835 2144 et
1848 2091 1980 2147 vestros
1995 2077 2201 2147 incolumes.

1211 2174 1308 2248 Beue
1323 2178 1445 2251 valete.
1495 2175 1565 2248 Die
1580 2176 1708 2248 Lucae.

1899 2271 2100 2368 Philippus.

2042 2657 2100 2719 ts.
2115 2648 2186 2714 Oet.

1210 2640 1407 2768 uec
2023 2739 2196 2768 „m

1460 2822 1647 2910 Alberto
1658 2823 1781 2916 Duce'
1795 2822 1943 2911 Pness.

1279 2994 1317 3050 lla
1330 2999 1498 3070 autographo
1512 2999 1610 3054 editas
1624 2999 1715 3054 Fahrc
1728 2998 1757 3051 ia
1771 2998 1847 3070 epist.
1866 2997 1960 3071 putet
1970 3000 2032 3070 sqq.
2050 3016 2094 3071 ep.
2106 2997 2149 3054 40.

1432 3148 1628 3223 Alberto
1652 3150 1758 3225 Duci
1772 3149 1978 3224 Borussioe

1209 3266 1325 3375 S.'l).
1376 3299 1617 3374 Illustrissime
1653 3317 1688 3373 et
1721 3302 1991 3374 clementissime
2024 3299 2203 3392 Princeps.

1210 3400 1302 3475 Cum
1323 3404 1457 3473 adesset
1479 3405 1534 3473 vir
1549 3404 1762 3476 clarissimus
1777 3400 2202 3487 baudemundus,

1211 3504 1378 3596 respondi
1391 3503 1603 3577 Celsitudiui
1620 3520 1768 3580 vestrae.
1801 3531 1857 3576 me
1872 3521 2056 3598 propterea
2071 3504 2202 3574 retinc-

1007 3688 1014 3700 ‚
1100 3609 1132 3616 ”’
1211 3607 1243 3675 ri
1258 3601 1324 3676 boc
1340 3620 1496 3698 tempore
1510 3607 1606 3700 quod
1622 3620 1760 3680 ostensa
1775 3622 1862 3680 esset
1876 3629 1955 3698 spes
1973 3605 2201 3675 instauratio-

1211 3707 1267 3776 nis
1283 3704 1515 3794 Academiae,
1540 3709 1579 3777 iu
1596 3734 1665 3802 qua
1681 3707 1841 3800 Collegas
1856 3710 2015 3776 deserere
2030 3727 2104 3775 non
2116 3704 2203 3773 lice-

1211 3822 1277 3878 ret.
1324 3804 1457 3879 Eadem
1474 3834 1530 3878 me
1544 3834 1648 3880 causa
1666 3804 1781 3879 adhuc
1803 3810 1943 3879 retinet.
1993 3804 2065 3876 Nec
2085 3821 2202 3877 tamen

1212 3923 1293 3980 aute
1309 3910 1440 3982 exitum
1455 3907 1660 3980 Conventus
1675 3905 1892 4002 Augustani
1905 3934 2000 4001 spem
2016 3907 2203 3979 certiorem

1213 4014 1257 4081 de
1282 4006 1469 4107 Academia
1492 4012 1567 4078 lore
1589 4012 1755 4103 arbitror.
1824 4010 1932 4101 Quod
1962 4012 1993 4080 si
2021 4007 2200 4100 principes

1191 4126 1196 4135 ¹
1212 4111 1354 4179 vincula
1376 4110 1445 4179 sibi
1465 4111 1645 4195 inicient,
1676 4128 1718 4185 ut
1739 4114 1946 4205 promittant
1964 4135 2001 4181 se
2016 4109 2110 4199 velle
2124 4131 2200 4176 arn-

1211 4210 1318 4328 pleeti
1340 4192 1479 4282 dAreta
1494 4210 1632 4306 Synodi
1648 4212 1898 4299 Tridentinae,
1925 4209 2113 4284 horribiles
2126 4207 2200 4279 dis·

1118 4359 1122 4366 -
1209 4311 1401 4401 srpationes
1424 4309 1661 4387 Ecclesiarum
1683 4317 1720 4385 iu
1738 4312 1929 4387 Germania
1952 4311 2081 4404 passim
2100 4332 2200 4381 secu-

1210 4426 1309 4484 turae
1329 4428 1430 4500 sunt,
1455 4441 1542 4507 quas
1554 4415 1651 4487 Deus
1666 4413 1862 4507 prohibeat.
1913 4414 1984 4489 Sed
1999 4409 2084 4484 haec
2100 4411 2201 4483 brevi

1210 4513 1369 4585 sciemus.
1418 4511 1631 4591 Celsitudiui
1654 4533 1787 4588 vestrae
1806 4528 2006 4589 reverenter
2019 4535 2200 4585 commen-

1210 4617 1257 4688 do
1272 4617 1388 4687 virum
1404 4619 1635 4689 clarissimum
1648 4617 1694 4693 1).
1708 4615 1892 4687 Sabinum
1905 4636 2068 4708 geneum
2081 4636 2200 4684 meum

1209 4718 1447 4804 carissimum,
1486 4721 1654 4814 quicum
1681 4716 1770 4790 mihi
1803 4719 1960 4790 narravit
1988 4740 2025 4786 se
2057 4728 2201 4787 nactum

1209 4818 1327 4888 ocium
1362 4821 1407 4890 ad
1434 4820 1677 4906 scribendum,
1711 4824 1871 4912 deposito
1898 4818 2109 4910 Magistratu
2123 4810 2199 4908 **),

1209 4917 1301 4989 velle
1341 4920 1526 4991 instituere
1564 4923 1697 4993 librum
1735 4922 1921 4995 Fastorum
1960 4918 2198 4990 continentem

1209 5015 1412 5091 Christiana
1427 5023 1525 5108 festa,
1549 5024 1730 5117 inquibus
1747 5039 1781 5096 et
1793 5023 1975 5094 doctrinae
1990 5022 2085 5090 locos
2097 5042 2200 5110 prae-

1245 5288 1274 5361 *)
1293 5289 1340 5346 ste
1352 5292 1388 5347 A.
1401 5291 1456 5359 D.,
1475 5291 1523 5345 sed
1536 5290 1620 5347 Ssob.
1633 5293 1752 5351 ruben
1762 5295 1932 5346 maximam.

1245 5375 1439 5515 'bffgptrtput
1457 5375 1527 5444 batte
1544 5380 1645 5437 sanan
1661 5379 1710 5436 tot
1727 5360 1866 5450 lettaniae
1883 5377 2006 5434 ttsctssst
2023 5373 2198 5446 clauserint.

1371 5513 1421 5591 45
