<?xml version="1.0" encoding="UTF-8"?>
<!DOCTYPE html PUBLIC "-//W3C//DTD XHTML 1.0 Transitional//EN"
    "http://www.w3.org/TR/xhtml1/DTD/xhtml1-transitional.dtd">
<html xmlns="http://www.w3.org/1999/xhtml" xml:lang="en" lang="en">
 <head>
  <title>
</title>
<meta http-equiv="Content-Type" content="text/html;charset=utf-8" />
  <meta name='ocr-system' content='tesseract 3.04.00' />
  <meta name='ocr-capabilities' content='ocr_page ocr_carea ocr_par ocr_line ocrx_word'/>
</head>
<body>
  <div class='ocr_page' id='page_1' title='image "./philippimelanth15melagoog/philippimelanth15melagoog_0139.png"; bbox 0 0 4748 6022; ppageno 0'>
   <div class='ocr_carea' id='block_1_1' title="bbox 57 2423 1151 2521">
    <p class='ocr_par' dir='ltr' id='par_1_1' title="bbox 57 2423 1151 2521">
     <span class='ocr_line' id='line_1_1' title="bbox 57 2423 1151 2521; baseline -0.005 -23"><span class='ocrx_word' id='word_1_1' title='bbox 57 2510 63 2521; x_wconf 31' lang='lat'>⁸</span> <span class='ocrx_word' id='word_1_2' title='bbox 163 2431 360 2498; x_wconf 89' lang='lat' dir='ltr'>madvertes</span> <span class='ocrx_word' id='word_1_3' title='bbox 381 2429 568 2518; x_wconf 79' lang='lat' dir='ltr'>imaginem</span> <span class='ocrx_word' id='word_1_4' title='bbox 592 2425 701 2496; x_wconf 85' lang='lat' dir='ltr'>Eccii</span> <span class='ocrx_word' id='word_1_5' title='bbox 721 2423 930 2519; x_wconf 85' lang='lat' dir='ltr'><strong>blasphemi.</strong></span> <span class='ocrx_word' id='word_1_6' title='bbox 990 2424 1090 2513; x_wconf 83' lang='lat' dir='ltr'>Quae</span> <span class='ocrx_word' id='word_1_7' title='bbox 1113 2425 1151 2492; x_wconf 90' lang='lat' dir='ltr'>in</span> 
     </span>
    </p>
   </div>
   <div class='ocr_carea' id='block_1_2' title="bbox 160 336 2192 422">
    <p class='ocr_par' dir='ltr' id='par_1_2' title="bbox 160 336 2192 422">
     <span class='ocr_line' id='line_1_2' title="bbox 160 336 2192 422; baseline -0.002 -2"><span class='ocrx_word' id='word_1_8' title='bbox 160 349 235 420; x_wconf 76' lang='lat' dir='ltr'>sat</span> <span class='ocrx_word' id='word_1_9' title='bbox 337 379 342 386; x_wconf 93' lang='lat'><strong>·</strong></span> <span class='ocrx_word' id='word_1_10' title='bbox 740 336 1174 416; x_wconf 79' lang='lat' dir='ltr'><strong>EPISTOLARUM</strong></span> <span class='ocrx_word' id='word_1_11' title='bbox 1224 342 1332 422; x_wconf 86' lang='lat' dir='ltr'>LlB.</span> <span class='ocrx_word' id='word_1_12' title='bbox 1360 345 1406 422; x_wconf 88' lang='lat' dir='ltr'>X.</span> <span class='ocrx_word' id='word_1_13' title='bbox 1458 341 1589 420; x_wconf 78' lang='lat'><strong>1546.</strong></span> <span class='ocrx_word' id='word_1_14' title='bbox 2112 344 2192 415; x_wconf 72' lang='lat'>252</span> 
     </span>
    </p>
   </div>
   <div class='ocr_carea' id='block_1_3' title="bbox 163 506 2254 2419">
    <p class='ocr_par' dir='ltr' id='par_1_3' title="bbox 163 506 2228 1618">
     <span class='ocr_line' id='line_1_3' title="bbox 166 506 2193 612; baseline -0.002 -24"><span class='ocrx_word' id='word_1_15' title='bbox 166 521 247 590; x_wconf 90' lang='lat' dir='ltr'>stris</span> <span class='ocrx_word' id='word_1_16' title='bbox 279 543 316 588; x_wconf 87' lang='lat' dir='ltr'>se</span> <span class='ocrx_word' id='word_1_17' title='bbox 348 518 522 600; x_wconf 88' lang='lat' dir='ltr'>continet,</span> <span class='ocrx_word' id='word_1_18' title='bbox 560 516 780 587; x_wconf 86' lang='lat' dir='ltr'>velitationes</span> <span class='ocrx_word' id='word_1_19' title='bbox 812 530 931 586; x_wconf 88' lang='lat' dir='ltr'>tamen</span> <span class='ocrx_word' id='word_1_20' title='bbox 944 509 1041 582; x_wconf 84' lang='lat' dir='ltr'>hinc</span> <span class='ocrx_word' id='word_1_21' title='bbox 1067 512 1151 580; x_wconf 90' lang='lat' dir='ltr'>inde</span> <span class='ocrx_word' id='word_1_22' title='bbox 1200 510 1248 585; x_wconf 87' lang='grc' dir='ltr'><strong><em>κά</em></strong></span> <span class='ocrx_word' id='word_1_23' title='bbox 1276 515 1386 596; x_wconf 77' lang='grc' dir='ltr'><strong><em>αθοῒς</em></strong></span> <span class='ocrx_word' id='word_1_24' title='bbox 1407 512 1566 612; x_wconf 82' lang='grc' dir='ltr'><strong><em>ἀνάρασι</em></strong></span> <span class='ocrx_word' id='word_1_25' title='bbox 1585 510 1699 612; x_wconf 82' lang='grc' dir='ltr'><strong><em>χάριν</em></strong></span> <span class='ocrx_word' id='word_1_26' title='bbox 1720 508 1805 586; x_wconf 80' lang='lat' dir='ltr'>olda</span> <span class='ocrx_word' id='word_1_27' title='bbox 1819 506 1954 606; x_wconf 84' lang='grc' dir='ltr'><strong><em>ταύτης</em></strong></span> <span class='ocrx_word' id='word_1_28' title='bbox 1968 508 2193 611; x_wconf 79' lang='grc' dir='ltr'><strong><em>εὐεργεσίας,</em></strong></span> 
     </span>
     <span class='ocr_line' id='line_1_4' title="bbox 164 609 2196 713; baseline -0.001 -23"><span class='ocrx_word' id='word_1_29' title='bbox 164 623 275 691; x_wconf 84' lang='lat' dir='ltr'>factae</span> <span class='ocrx_word' id='word_1_30' title='bbox 306 620 438 688; x_wconf 88' lang='lat' dir='ltr'>multos</span> <span class='ocrx_word' id='word_1_31' title='bbox 469 616 704 688; x_wconf 88' lang='lat' dir='ltr'>Caesareanos</span> <span class='ocrx_word' id='word_1_32' title='bbox 736 612 821 686; x_wconf 88' lang='lat' dir='ltr'>binc</span> <span class='ocrx_word' id='word_1_33' title='bbox 852 640 935 685; x_wconf 89' lang='lat' dir='ltr'>orco</span> <span class='ocrx_word' id='word_1_34' title='bbox 967 614 1152 685; x_wconf 87' lang='lat' dir='ltr'>miserunt.</span> <span class='ocrx_word' id='word_1_35' title='bbox 1200 640 1264 686; x_wconf 88' lang='grc' dir='ltr'>και</span> <span class='ocrx_word' id='word_1_36' title='bbox 1287 612 1374 697; x_wconf 84' lang='grc' dir='ltr'><strong><em>θεὸς</em></strong></span> <span class='ocrx_word' id='word_1_37' title='bbox 1395 612 1546 695; x_wconf 78' lang='grc' dir='ltr'><strong><em>δικαίαν</em></strong></span> <span class='ocrx_word' id='word_1_38' title='bbox 1567 613 1731 713; x_wconf 79' lang='grc' dir='ltr'><strong><em>ἀμοιβὴν</em></strong></span> <span class='ocrx_word' id='word_1_39' title='bbox 1752 609 1966 699; x_wconf 76' lang='grc' dir='ltr'><strong><em>ἀντιδώσει,</em></strong></span> <span class='ocrx_word' id='word_1_40' title='bbox 1991 612 2109 708; x_wconf 81' lang='grc' dir='ltr'><strong><em>ιίίςπερ</em></strong></span> <span class='ocrx_word' id='word_1_41' title='bbox 2131 613 2196 713; x_wconf 84' lang='grc' dir='ltr'>γέ-</span> 
     </span>
     <span class='ocr_line' id='line_1_5' title="bbox 164 712 2228 814; baseline 0 -26"><span class='ocrx_word' id='word_1_42' title='bbox 164 715 455 813; x_wconf 56' lang='grc' dir='ltr'><strong><em>Ῑνσιιάςισνίαο,</em></strong></span> <span class='ocrx_word' id='word_1_43' title='bbox 479 717 661 787; x_wconf 86' lang='lat' dir='ltr'>occasione</span> <span class='ocrx_word' id='word_1_44' title='bbox 672 741 770 802; x_wconf 88' lang='lat' dir='ltr'>usus,</span> <span class='ocrx_word' id='word_1_45' title='bbox 795 717 1007 787; x_wconf 87' lang='lat' dir='ltr'>bombardas</span> <span class='ocrx_word' id='word_1_46' title='bbox 1024 715 1062 783; x_wconf 92' lang='lat' dir='ltr'>in</span> <span class='ocrx_word' id='word_1_47' title='bbox 1079 714 1153 783; x_wconf 90' lang='lat' dir='ltr'>col·</span> <span class='ocrx_word' id='word_1_48' title='bbox 1199 739 1379 814; x_wconf 87' lang='grc' dir='ltr'><strong><em>γραπται·</em></strong></span> <span class='ocrx_word' id='word_1_49' title='bbox 1403 712 1585 813; x_wconf 82' lang='grc' dir='ltr'><strong><em>μακάριος</em></strong></span> <span class='ocrx_word' id='word_1_50' title='bbox 1606 716 1626 790; x_wconf 81' lang='grc' dir='ltr'><em>ὅ</em></span> <span class='ocrx_word' id='word_1_51' title='bbox 1650 713 1790 791; x_wconf 80' lang='grc' dir='ltr'><strong><em>συνιών</em></strong></span> <span class='ocrx_word' id='word_1_52' title='bbox 1812 713 1870 788; x_wconf 80' lang='grc' dir='ltr'>ἐπὶ</span> <span class='ocrx_word' id='word_1_53' title='bbox 1884 712 2033 808; x_wconf 88' lang='grc' dir='ltr'><strong><em>πτωχὸν</em></strong></span> <span class='ocrx_word' id='word_1_54' title='bbox 2048 713 2113 787; x_wconf 83' lang='grc' dir='ltr'>καὶ</span> <span class='ocrx_word' id='word_1_55' title='bbox 2128 713 2194 788; x_wconf 88' lang='grc' dir='ltr'>πέ-</span> <span class='ocrx_word' id='word_1_56' title='bbox 2222 750 2228 761; x_wconf 42' lang='lat'><em>³</em></span> 
     </span>
     <span class='ocr_line' id='line_1_6' title="bbox 165 811 2194 916; baseline 0 -26"><span class='ocrx_word' id='word_1_57' title='bbox 165 823 255 902; x_wconf 90' lang='lat' dir='ltr'>lem,</span> <span class='ocrx_word' id='word_1_58' title='bbox 288 819 430 892; x_wconf 78' lang='lat' dir='ltr'>Caesari</span> <span class='ocrx_word' id='word_1_59' title='bbox 459 817 699 912; x_wconf 88' lang='lat' dir='ltr'>propinquum</span> <span class='ocrx_word' id='word_1_60' title='bbox 726 820 859 903; x_wconf 80' lang='lat' dir='ltr'>evexit,</span> <span class='ocrx_word' id='word_1_61' title='bbox 889 818 985 886; x_wconf 90' lang='lat' dir='ltr'>unde</span> <span class='ocrx_word' id='word_1_62' title='bbox 1013 828 1152 885; x_wconf 84' lang='lat' dir='ltr'>tantum</span> <span class='ocrx_word' id='word_1_63' title='bbox 1199 841 1313 910; x_wconf 84' lang='grc' dir='ltr'><strong><em>νητα,</em></strong></span> <span class='ocrx_word' id='word_1_64' title='bbox 1348 817 1388 890; x_wconf 81' lang='grc' dir='ltr'>ἐν</span> <span class='ocrx_word' id='word_1_65' title='bbox 1406 815 1525 912; x_wconf 79' lang='grc' dir='ltr'><strong><em>ἡμέρᾳ</em></strong></span> <span class='ocrx_word' id='word_1_66' title='bbox 1545 825 1690 916; x_wconf 78' lang='grc' dir='ltr'><em>πονηρᾷ</em></span> <span class='ocrx_word' id='word_1_67' title='bbox 1711 813 1859 913; x_wconf 79' lang='grc' dir='ltr'><strong><em>ῥύσεται</em></strong></span> <span class='ocrx_word' id='word_1_68' title='bbox 1875 813 1992 889; x_wconf 80' lang='grc' dir='ltr'><strong><em>αὐτὸν</em></strong></span> <span class='ocrx_word' id='word_1_69' title='bbox 2006 813 2026 888; x_wconf 85' lang='grc' dir='ltr'>ὁ</span> <span class='ocrx_word' id='word_1_70' title='bbox 2042 811 2194 913; x_wconf 84' lang='grc' dir='ltr'><strong><em>Κύριος.</em></strong></span> 
     </span>
     <span class='ocr_line' id='line_1_7' title="bbox 165 912 2192 1018; baseline -0.001 -25"><span class='ocrx_word' id='word_1_71' title='bbox 165 924 416 993; x_wconf 78' lang='lat' dir='ltr'>detrimentum</span> <span class='ocrx_word' id='word_1_72' title='bbox 450 918 664 991; x_wconf 87' lang='lat' dir='ltr'>Caesareana</span> <span class='ocrx_word' id='word_1_73' title='bbox 699 932 810 989; x_wconf 91' lang='lat' dir='ltr'>castra</span> <span class='ocrx_word' id='word_1_74' title='bbox 844 929 1070 1009; x_wconf 90' lang='lat' dir='ltr'>acceperunt,</span> <span class='ocrx_word' id='word_1_75' title='bbox 1112 928 1154 983; x_wconf 90' lang='lat' dir='ltr'>ut</span> <span class='ocrx_word' id='word_1_76' title='bbox 1205 912 1330 1012; x_wconf 80' lang='grc' dir='ltr'><strong><em>Ταύτῃ</em></strong></span> <span class='ocrx_word' id='word_1_77' title='bbox 1353 913 1394 990; x_wconf 83' lang='grc' dir='ltr'>ἀὲ</span> <span class='ocrx_word' id='word_1_78' title='bbox 1415 915 1548 1018; x_wconf 82' lang='grc' dir='ltr'><strong><em>γνώμῃ</em></strong></span> <span class='ocrx_word' id='word_1_79' title='bbox 1571 918 1739 1014; x_wconf 75' lang='grc' dir='ltr'><strong><em>ε’,ιιμένειν</em></strong></span> <span class='ocrx_word' id='word_1_80' title='bbox 1758 915 1846 1000; x_wconf 76' lang='grc' dir='ltr'><strong><em>τοὺς</em></strong></span> <span class='ocrx_word' id='word_1_81' title='bbox 1867 915 2018 998; x_wconf 77' lang='grc' dir='ltr'><strong><em>πολίτας</em></strong></span> <span class='ocrx_word' id='word_1_82' title='bbox 2035 940 2104 990; x_wconf 93' lang='grc' dir='ltr'>σου</span> <span class='ocrx_word' id='word_1_83' title='bbox 2119 943 2192 990; x_wconf 88' lang='grc' dir='ltr'>πα-</span> 
     </span>
     <span class='ocr_line' id='line_1_8' title="bbox 165 1015 2149 1115; baseline 0.001 -24"><span class='ocrx_word' id='word_1_84' title='bbox 165 1045 304 1093; x_wconf 90' lang='lat' dir='ltr'>necesse</span> <span class='ocrx_word' id='word_1_85' title='bbox 335 1021 442 1091; x_wconf 86' lang='lat' dir='ltr'>fuerit</span> <span class='ocrx_word' id='word_1_86' title='bbox 474 1018 616 1090; x_wconf 79' lang='lat' dir='ltr'>Caesari</span> <span class='ocrx_word' id='word_1_87' title='bbox 650 1045 730 1089; x_wconf 92' lang='lat' dir='ltr'>cum</span> <span class='ocrx_word' id='word_1_88' title='bbox 761 1034 836 1091; x_wconf 90' lang='lat' dir='ltr'>toto</span> <span class='ocrx_word' id='word_1_89' title='bbox 870 1019 1024 1087; x_wconf 85' lang='lat' dir='ltr'>exercitu</span> <span class='ocrx_word' id='word_1_90' title='bbox 1057 1028 1152 1084; x_wconf 84' lang='lat' dir='ltr'>extra</span> <span class='ocrx_word' id='word_1_91' title='bbox 1202 1016 1337 1115; x_wconf 84' lang='grc' dir='ltr'><strong><em>ραίνει,</em></strong></span> <span class='ocrx_word' id='word_1_92' title='bbox 1366 1021 1470 1092; x_wconf 76' lang='grc' dir='ltr'><strong><em>εἷπον</em></strong></span> <span class='ocrx_word' id='word_1_93' title='bbox 1485 1015 1638 1114; x_wconf 76' lang='grc' dir='ltr'>δυνήσῃ.</span> <span class='ocrx_word' id='word_1_94' title='bbox 2143 1048 2149 1055; x_wconf 94' lang='grc'><em>·</em></span> 
     </span>
     <span class='ocr_line' id='line_1_9' title="bbox 163 1112 2194 1217; baseline -0.005 -23"><span class='ocrx_word' id='word_1_95' title='bbox 163 1124 439 1194; x_wconf 78' lang='lat' dir='ltr'>bombardorum</span> <span class='ocrx_word' id='word_1_96' title='bbox 469 1121 599 1190; x_wconf 89' lang='lat' dir='ltr'>iactum</span> <span class='ocrx_word' id='word_1_97' title='bbox 631 1124 763 1190; x_wconf 82' lang='lat' dir='ltr'>cedere.</span> <span class='ocrx_word' id='word_1_98' title='bbox 821 1119 1005 1209; x_wconf 85' lang='lat' dir='ltr'>Quantum</span> <span class='ocrx_word' id='word_1_99' title='bbox 1035 1129 1152 1186; x_wconf 89' lang='lat' dir='ltr'>autem</span> <span class='ocrx_word' id='word_1_100' title='bbox 1303 1117 1450 1212; x_wconf 80' lang='grc' dir='ltr'><strong><em>Πέμπω</em></strong></span> <span class='ocrx_word' id='word_1_101' title='bbox 1474 1143 1532 1194; x_wconf 83' lang='grc' dir='ltr'>σοι</span> <span class='ocrx_word' id='word_1_102' title='bbox 1552 1117 1686 1217; x_wconf 75' lang='grc' dir='ltr'><strong><em>μικρὸν</em></strong></span> <span class='ocrx_word' id='word_1_103' title='bbox 1708 1115 1858 1215; x_wconf 74' lang='grc' dir='ltr'><strong><em>βιβλίον</em></strong></span> <span class='ocrx_word' id='word_1_104' title='bbox 1880 1117 1965 1210; x_wconf 76' lang='grc' dir='ltr'><strong><em>ἔχον</em></strong></span> <span class='ocrx_word' id='word_1_105' title='bbox 1988 1112 2052 1187; x_wconf 81' lang='grc' dir='ltr'>καὶ</span> <span class='ocrx_word' id='word_1_106' title='bbox 2069 1112 2194 1189; x_wconf 86' lang='grc' dir='ltr'><strong><em>Ἡσιό-</em></strong></span> 
     </span>
     <span class='ocr_line' id='line_1_10' title="bbox 166 1214 2192 1321; baseline -0.003 -29"><span class='ocrx_word' id='word_1_107' title='bbox 166 1225 284 1295; x_wconf 91' lang='lat' dir='ltr'>damni</span> <span class='ocrx_word' id='word_1_108' title='bbox 301 1220 459 1292; x_wconf 82' lang='lat' dir='ltr'>Caesaris</span> <span class='ocrx_word' id='word_1_109' title='bbox 475 1223 603 1291; x_wconf 84' lang='lat' dir='ltr'>milites</span> <span class='ocrx_word' id='word_1_110' title='bbox 620 1221 833 1313; x_wconf 87' lang='lat' dir='ltr'>acceperint,</span> <span class='ocrx_word' id='word_1_111' title='bbox 858 1222 902 1289; x_wconf 88' lang='lat' dir='ltr'>ab</span> <span class='ocrx_word' id='word_1_112' title='bbox 918 1219 1084 1288; x_wconf 90' lang='lat' dir='ltr'>omnibus</span> <span class='ocrx_word' id='word_1_113' title='bbox 1099 1230 1152 1286; x_wconf 87' lang='lat' dir='ltr'>ta·</span> <span class='ocrx_word' id='word_1_114' title='bbox 1201 1217 1273 1293; x_wconf 74' lang='lat' dir='ltr'>&lt;lov</span> <span class='ocrx_word' id='word_1_115' title='bbox 1285 1221 1426 1314; x_wconf 82' lang='grc' dir='ltr'><strong><em>ποίημα</em></strong></span> <span class='ocrx_word' id='word_1_116' title='bbox 1443 1219 1613 1319; x_wconf 86' lang='grc' dir='ltr'><strong><em>λέγοντος</em></strong></span> <span class='ocrx_word' id='word_1_117' title='bbox 1628 1222 1656 1315; x_wconf 90' lang='lat'>²)</span> <span class='ocrx_word' id='word_1_118' title='bbox 1677 1219 1773 1321; x_wconf 86' lang='grc' dir='ltr'><strong><em>μέγα</em></strong></span> <span class='ocrx_word' id='word_1_119' title='bbox 1790 1220 1913 1312; x_wconf 85' lang='grc' dir='ltr'>ὄνειαρ</span> <span class='ocrx_word' id='word_1_120' title='bbox 1929 1214 2023 1289; x_wconf 72' lang='grc' dir='ltr'><strong><em>εἶναι</em></strong></span> <span class='ocrx_word' id='word_1_121' title='bbox 2037 1214 2192 1316; x_wconf 80' lang='grc' dir='ltr'><strong><em>ἀγαθὸν</em></strong></span> 
     </span>
     <span class='ocr_line' id='line_1_11' title="bbox 165 1317 2191 1420; baseline -0.002 -27"><span class='ocrx_word' id='word_1_122' title='bbox 165 1349 248 1393; x_wconf 91' lang='lat' dir='ltr'>men</span> <span class='ocrx_word' id='word_1_123' title='bbox 275 1324 443 1393; x_wconf 86' lang='lat' dir='ltr'>asseritur</span> <span class='ocrx_word' id='word_1_124' title='bbox 465 1346 571 1415; x_wconf 93' lang='lat' dir='ltr'>quam</span> <span class='ocrx_word' id='word_1_125' title='bbox 594 1323 801 1413; x_wconf 90' lang='lat' dir='ltr'>plurimum.</span> <span class='ocrx_word' id='word_1_126' title='bbox 861 1318 982 1413; x_wconf 88' lang='lat' dir='ltr'>ltaque</span> <span class='ocrx_word' id='word_1_127' title='bbox 1006 1317 1153 1387; x_wconf 87' lang='lat' dir='ltr'>Caesare</span> <span class='ocrx_word' id='word_1_128' title='bbox 1200 1319 1361 1420; x_wconf 87' lang='grc' dir='ltr'><strong><em>γείτονα.</em></strong></span> <span class='ocrx_word' id='word_1_129' title='bbox 1406 1322 1587 1418; x_wconf 76' lang='grc' dir='ltr'><strong><em>Ἕρρωσο.</em></strong></span> <span class='ocrx_word' id='word_1_130' title='bbox 1639 1326 1913 1420; x_wconf 78' lang='grc' dir='ltr'><strong><em>Πυανεψιῶνος</em></strong></span> <span class='ocrx_word' id='word_1_131' title='bbox 1934 1317 2135 1410; x_wconf 81' lang='grc' dir='ltr'><strong><em>ἱσταμένου</em></strong></span> <span class='ocrx_word' id='word_1_132' title='bbox 2155 1317 2191 1416; x_wconf 95' lang='lat' dir='ltr'>J.</span> 
     </span>
     <span class='ocr_line' id='line_1_12' title="bbox 165 1416 1428 1519; baseline 0.001 -25"><span class='ocrx_word' id='word_1_133' title='bbox 165 1426 271 1494; x_wconf 89' lang='lat' dir='ltr'>semel</span> <span class='ocrx_word' id='word_1_134' title='bbox 294 1448 313 1492; x_wconf 91' lang='lat' dir='ltr'>e</span> <span class='ocrx_word' id='word_1_135' title='bbox 336 1424 509 1515; x_wconf 89' lang='lat' dir='ltr'>praesidio</span> <span class='ocrx_word' id='word_1_136' title='bbox 534 1423 661 1507; x_wconf 88' lang='lat' dir='ltr'>eiecto,</span> <span class='ocrx_word' id='word_1_137' title='bbox 695 1445 795 1512; x_wconf 90' lang='lat' dir='ltr'>spero</span> <span class='ocrx_word' id='word_1_138' title='bbox 810 1423 886 1489; x_wconf 89' lang='lat' dir='ltr'>sore</span> <span class='ocrx_word' id='word_1_139' title='bbox 902 1436 941 1491; x_wconf 90' lang='lat' dir='ltr'>ut</span> <span class='ocrx_word' id='word_1_140' title='bbox 958 1443 1037 1489; x_wconf 91' lang='lat' dir='ltr'>eum</span> <span class='ocrx_word' id='word_1_141' title='bbox 1055 1431 1152 1508; x_wconf 88' lang='lat' dir='ltr'>post·</span> <span class='ocrx_word' id='word_1_142' title='bbox 1202 1422 1271 1494; x_wconf 80' lang='grc' dir='ltr'><strong><em>ἔτει</em></strong></span> <span class='ocrx_word' id='word_1_143' title='bbox 1294 1416 1428 1519; x_wconf 82' lang='grc' dir='ltr'><strong><em>ἀφμς.</em></strong></span> 
     </span>
     <span class='ocr_line' id='line_1_13' title="bbox 164 1517 1247 1618; baseline -0.007 -24"><span class='ocrx_word' id='word_1_144' title='bbox 164 1521 231 1594; x_wconf 88' lang='lat' dir='ltr'>hac</span> <span class='ocrx_word' id='word_1_145' title='bbox 252 1549 368 1618; x_wconf 89' lang='lat' dir='ltr'>neque</span> <span class='ocrx_word' id='word_1_146' title='bbox 389 1524 583 1616; x_wconf 84' lang='lat' dir='ltr'>quiescere,</span> <span class='ocrx_word' id='word_1_147' title='bbox 609 1547 723 1616; x_wconf 90' lang='lat' dir='ltr'>neque</span> <span class='ocrx_word' id='word_1_148' title='bbox 746 1523 853 1590; x_wconf 91' lang='lat' dir='ltr'>nimis</span> <span class='ocrx_word' id='word_1_149' title='bbox 872 1523 999 1591; x_wconf 90' lang='lat' dir='ltr'>idonea</span> <span class='ocrx_word' id='word_1_150' title='bbox 1015 1520 1091 1588; x_wconf 89' lang='lat' dir='ltr'>loca</span> <span class='ocrx_word' id='word_1_151' title='bbox 1107 1519 1151 1587; x_wconf 91' lang='lat' dir='ltr'>ad</span> <span class='ocrx_word' id='word_1_152' title='bbox 1241 1517 1247 1523; x_wconf 87' lang='grc'><strong>’</strong></span> 
     </span>
    </p>

    <p class='ocr_par' dir='ltr' id='par_1_4' title="bbox 164 1618 1153 1717">
     <span class='ocr_line' id='line_1_14' title="bbox 164 1618 1153 1717; baseline -0.005 -23"><span class='ocrx_word' id='word_1_153' title='bbox 164 1649 317 1717; x_wconf 84' lang='lat' dir='ltr'>pugnam</span> <span class='ocrx_word' id='word_1_154' title='bbox 336 1627 595 1695; x_wconf 83' lang='lat' dir='ltr'>detrectandam</span> <span class='ocrx_word' id='word_1_155' title='bbox 612 1647 782 1715; x_wconf 85' lang='lat' dir='ltr'>occupare</span> <span class='ocrx_word' id='word_1_156' title='bbox 800 1623 989 1714; x_wconf 85' lang='lat' dir='ltr'>patiantur.</span> <span class='ocrx_word' id='word_1_157' title='bbox 1022 1618 1153 1709; x_wconf 88' lang='lat' dir='ltr'>Hispa-</span> 
     </span>
    </p>

    <p class='ocr_par' dir='ltr' id='par_1_5' title="bbox 164 1720 2193 2011">
     <span class='ocr_line' id='line_1_15' title="bbox 164 1720 2193 1834; baseline -0.004 -40"><span class='ocrx_word' id='word_1_158' title='bbox 164 1728 205 1794; x_wconf 91' lang='lat' dir='ltr'>ni</span> <span class='ocrx_word' id='word_1_159' title='bbox 227 1726 366 1795; x_wconf 87' lang='lat' dir='ltr'>circiter</span> <span class='ocrx_word' id='word_1_160' title='bbox 388 1726 531 1794; x_wconf 91' lang='lat' dir='ltr'>ducenti</span> <span class='ocrx_word' id='word_1_161' title='bbox 546 1725 651 1794; x_wconf 86' lang='lat' dir='ltr'>etiam</span> <span class='ocrx_word' id='word_1_162' title='bbox 668 1726 707 1792; x_wconf 92' lang='lat' dir='ltr'>in</span> <span class='ocrx_word' id='word_1_163' title='bbox 725 1725 890 1794; x_wconf 88' lang='lat' dir='ltr'>sacellum</span> <span class='ocrx_word' id='word_1_164' title='bbox 904 1745 1080 1815; x_wconf 85' lang='lat' dir='ltr'>paganum</span> <span class='ocrx_word' id='word_1_165' title='bbox 1096 1722 1152 1790; x_wconf 90' lang='lat' dir='ltr'>fu·</span> <span class='ocrx_word' id='word_1_166' title='bbox 1200 1720 1395 1820; x_wconf 73' lang='lat' dir='ltr'><strong>N0.3554.</strong></span> <span class='ocrx_word' id='word_1_167' title='bbox 2036 1759 2069 1818; x_wconf 40' lang='lat'>7·</span> <span class='ocrx_word' id='word_1_168' title='bbox 2086 1751 2193 1834; x_wconf 48' lang='lat' dir='ltr'>septb,</span> 
     </span>
     <span class='ocr_line' id='line_1_16' title="bbox 164 1824 2181 1917; baseline -0.004 -22"><span class='ocrx_word' id='word_1_169' title='bbox 164 1839 302 1916; x_wconf 83' lang='lat' dir='ltr'>gerunt</span> <span class='ocrx_word' id='word_1_170' title='bbox 352 1824 527 1895; x_wconf 87' lang='lat' dir='ltr'>Sacellum</span> <span class='ocrx_word' id='word_1_171' title='bbox 549 1827 694 1917; x_wconf 88' lang='lat' dir='ltr'>pulvere</span> <span class='ocrx_word' id='word_1_172' title='bbox 709 1825 939 1894; x_wconf 90' lang='lat' dir='ltr'>bombardico</span> <span class='ocrx_word' id='word_1_173' title='bbox 955 1845 1152 1892; x_wconf 89' lang='lat' dir='ltr'>eversuma</span> <span class='ocrx_word' id='word_1_174' title='bbox 1207 1840 1378 1869; x_wconf 60' lang='lat' dir='ltr'>w*-</span> <span class='ocrx_word' id='word_1_175' title='bbox 1726 1883 1730 1888; x_wconf 88' lang='lat'><em>.</em></span> <span class='ocrx_word' id='word_1_176' title='bbox 2048 1845 2181 1869; x_wconf 58' lang='grc' dir='ltr'><strong>Μ</strong></span> 
     </span>
     <span class='ocr_line' id='line_1_17' title="bbox 164 1899 1889 2011; baseline -0.005 -16"><span class='ocrx_word' id='word_1_177' title='bbox 164 1927 306 2005; x_wconf 93' lang='lat' dir='ltr'>nostris,</span> <span class='ocrx_word' id='word_1_178' title='bbox 332 1920 449 1994; x_wconf 93' lang='lat' dir='ltr'>hostes</span> <span class='ocrx_word' id='word_1_179' title='bbox 464 1949 585 1994; x_wconf 87' lang='lat' dir='ltr'>omnes</span> <span class='ocrx_word' id='word_1_180' title='bbox 599 1941 660 1996; x_wconf 91' lang='lat' dir='ltr'>aut</span> <span class='ocrx_word' id='word_1_181' title='bbox 675 1913 832 2010; x_wconf 76' lang='lat' dir='ltr'>obtrivit,</span> <span class='ocrx_word' id='word_1_182' title='bbox 856 1940 917 1995; x_wconf 92' lang='lat' dir='ltr'>aut</span> <span class='ocrx_word' id='word_1_183' title='bbox 931 1923 1150 2007; x_wconf 82' lang='lat' dir='ltr'>nostristru-</span> <span class='ocrx_word' id='word_1_184' title='bbox 1497 1899 1556 1980; x_wconf 86' lang='lat' dir='ltr'>M·</span> <span class='ocrx_word' id='word_1_185' title='bbox 1582 1899 1889 2011; x_wconf 66' lang='lat' dir='ltr'>Meienbmgio.</span> 
     </span>
    </p>

    <p class='ocr_par' dir='ltr' id='par_1_6' title="bbox 164 2025 1622 2123">
     <span class='ocr_line' id='line_1_18' title="bbox 164 2025 1622 2123; baseline -0.005 -28"><span class='ocrx_word' id='word_1_186' title='bbox 164 2028 323 2096; x_wconf 86' lang='lat' dir='ltr'>citandos</span> <span class='ocrx_word' id='word_1_187' title='bbox 341 2026 484 2110; x_wconf 89' lang='lat' dir='ltr'>obiecit;</span> <span class='ocrx_word' id='word_1_188' title='bbox 511 2049 534 2094; x_wconf 87' lang='lat' dir='ltr'>e·</span> <span class='ocrx_word' id='word_1_189' title='bbox 546 2027 676 2095; x_wconf 91' lang='lat' dir='ltr'>nostris</span> <span class='ocrx_word' id='word_1_190' title='bbox 694 2027 794 2095; x_wconf 90' lang='lat' dir='ltr'>aiunt</span> <span class='ocrx_word' id='word_1_191' title='bbox 810 2051 885 2095; x_wconf 92' lang='lat' dir='ltr'>non</span> <span class='ocrx_word' id='word_1_192' title='bbox 902 2026 981 2116; x_wconf 91' lang='lat' dir='ltr'>plus</span> <span class='ocrx_word' id='word_1_193' title='bbox 995 2037 1072 2094; x_wconf 91' lang='lat' dir='ltr'>octo</span> <span class='ocrx_word' id='word_1_194' title='bbox 1088 2025 1152 2091; x_wconf 86' lang='lat' dir='ltr'>de·</span> <span class='ocrx_word' id='word_1_195' title='bbox 1303 2049 1387 2122; x_wconf 71' lang='lat' dir='ltr'>Epist.</span> <span class='ocrx_word' id='word_1_196' title='bbox 1405 2049 1502 2106; x_wconf 69' lang='lat' dir='ltr'>151„v‚</span> <span class='ocrx_word' id='word_1_197' title='bbox 1521 2071 1547 2123; x_wconf 81' lang='lat' dir='ltr'>p.</span> <span class='ocrx_word' id='word_1_198' title='bbox 1561 2053 1622 2108; x_wconf 80' lang='lat'>703.</span> 
     </span>
    </p>

    <p class='ocr_par' dir='ltr' id='par_1_7' title="bbox 164 2125 1957 2216">
     <span class='ocr_line' id='line_1_19' title="bbox 164 2125 1957 2216; baseline -0.004 -21"><span class='ocrx_word' id='word_1_199' title='bbox 164 2128 333 2196; x_wconf 88' lang='lat' dir='ltr'>sideratos</span> <span class='ocrx_word' id='word_1_200' title='bbox 348 2126 465 2198; x_wconf 86' lang='lat' dir='ltr'>fuisse.</span> <span class='ocrx_word' id='word_1_201' title='bbox 503 2125 757 2216; x_wconf 86' lang='lat' dir='ltr'>lngolstadium</span> <span class='ocrx_word' id='word_1_202' title='bbox 783 2129 943 2196; x_wconf 90' lang='lat' dir='ltr'>nondum</span> <span class='ocrx_word' id='word_1_203' title='bbox 968 2146 1152 2215; x_wconf 82' lang='lat' dir='ltr'>oppugna·</span> <span class='ocrx_word' id='word_1_204' title='bbox 1954 2162 1957 2167; x_wconf 94' lang='lat'><em>-</em></span> 
     </span>
    </p>

    <p class='ocr_par' dir='ltr' id='par_1_8' title="bbox 164 2204 2254 2419">
     <span class='ocr_line' id='line_1_20' title="bbox 164 2204 2254 2321; baseline -0.008 -24"><span class='ocrx_word' id='word_1_205' title='bbox 164 2242 241 2312; x_wconf 91' lang='lat' dir='ltr'>tur;</span> <span class='ocrx_word' id='word_1_206' title='bbox 274 2228 394 2309; x_wconf 89' lang='lat' dir='ltr'>aiunt,</span> <span class='ocrx_word' id='word_1_207' title='bbox 424 2221 712 2321; x_wconf 76' lang='lat' dir='ltr'>Landgravium</span> <span class='ocrx_word' id='word_1_208' title='bbox 734 2228 789 2294; x_wconf 89' lang='lat' dir='ltr'>illi</span> <span class='ocrx_word' id='word_1_209' title='bbox 810 2228 954 2295; x_wconf 83' lang='lat' dir='ltr'>exitium</span> <span class='ocrx_word' id='word_1_210' title='bbox 977 2226 1150 2293; x_wconf 84' lang='lat' dir='ltr'>minatum</span> <span class='ocrx_word' id='word_1_211' title='bbox 1251 2206 1487 2281; x_wconf 65' lang='grc' dir='ltr'>Μὶθίῑαθίὶ</span> <span class='ocrx_word' id='word_1_212' title='bbox 1511 2208 1570 2280; x_wconf 89' lang='lat' dir='ltr'><em>M</em></span> <span class='ocrx_word' id='word_1_213' title='bbox 1572 2210 1845 2305; x_wconf 78' lang='lat' dir='ltr'>eienburgio</span> <span class='ocrx_word' id='word_1_214' title='bbox 1877 2204 2140 2308; x_wconf 78' lang='lat' dir='ltr'>(Northusae.)</span> <span class='ocrx_word' id='word_1_215' title='bbox 2251 2234 2254 2238; x_wconf 88' lang='grc'><em>·</em></span> 
     </span>
     <span class='ocr_line' id='line_1_21' title="bbox 165 2327 998 2419; baseline -0.002 -23"><span class='ocrx_word' id='word_1_216' title='bbox 165 2352 248 2398; x_wconf 87' lang='lat' dir='ltr'>esse.</span> <span class='ocrx_word' id='word_1_217' title='bbox 298 2327 338 2398; x_wconf 89' lang='lat' dir='ltr'>si</span> <span class='ocrx_word' id='word_1_218' title='bbox 364 2327 438 2396; x_wconf 91' lang='lat' dir='ltr'>eius</span> <span class='ocrx_word' id='word_1_219' title='bbox 460 2331 558 2398; x_wconf 91' lang='lat' dir='ltr'>urbis</span> <span class='ocrx_word' id='word_1_220' title='bbox 573 2329 736 2419; x_wconf 85' lang='lat' dir='ltr'>clypeum</span> <span class='ocrx_word' id='word_1_221' title='bbox 753 2328 998 2396; x_wconf 87' lang='lat' dir='ltr'>consideraver</span> 
     </span>
    </p>
   </div>
   <div class='ocr_carea' id='block_1_4' title="bbox 2012 1624 2186 1635">
    <p class='ocr_par' dir='ltr' id='par_1_9' title="bbox 2012 1624 2186 1635">
     <span class='ocr_line' id='line_1_22' title="bbox 2012 1624 2186 1635; baseline 0 -1"><span class='ocrx_word' id='word_1_222' title='bbox 2012 1624 2186 1635; x_wconf 52' lang='grc' dir='ltr'>...ψ-ι-</span> 
     </span>
    </p>
   </div>
   <div class='ocr_carea' id='block_1_5' title="bbox 1000 2324 2190 2452">
    <p class='ocr_par' dir='ltr' id='par_1_10' title="bbox 1000 2324 2190 2452">
     <span class='ocr_line' id='line_1_23' title="bbox 1000 2324 2190 2452; baseline 0.001 -25"><span class='ocrx_word' id='word_1_223' title='bbox 1000 2327 1048 2411; x_wconf 54' lang='grc' dir='ltr'>ῐ5’</span> <span class='ocrx_word' id='word_1_224' title='bbox 1073 2324 1151 2392; x_wconf 61' lang='lat' dir='ltr'>‘&#39;nl&#39;&#39;</span> <span class='ocrx_word' id='word_1_225' title='bbox 1199 2342 1243 2431; x_wconf 82' lang='lat' dir='ltr'>S.</span> <span class='ocrx_word' id='word_1_226' title='bbox 1268 2357 1314 2433; x_wconf 85' lang='lat' dir='ltr'>D.</span> <span class='ocrx_word' id='word_1_227' title='bbox 1365 2359 1512 2452; x_wconf 89' lang='lat' dir='ltr'>Semper</span> <span class='ocrx_word' id='word_1_228' title='bbox 1535 2362 1643 2451; x_wconf 81' lang='lat' dir='ltr'>magis</span> <span class='ocrx_word' id='word_1_229' title='bbox 1659 2361 1815 2430; x_wconf 89' lang='lat' dir='ltr'>solicitus</span> <span class='ocrx_word' id='word_1_230' title='bbox 1831 2361 1883 2428; x_wconf 89' lang='lat' dir='ltr'>sui</span> <span class='ocrx_word' id='word_1_231' title='bbox 1901 2375 2046 2450; x_wconf 90' lang='lat' dir='ltr'>propter</span> <span class='ocrx_word' id='word_1_232' title='bbox 2060 2361 2190 2430; x_wconf 84' lang='lat' dir='ltr'>exerci-</span> 
     </span>
    </p>
   </div>
   <div class='ocr_carea' id='block_1_6' title="bbox 165 2457 2191 2655">
    <p class='ocr_par' dir='ltr' id='par_1_11' title="bbox 165 2457 2191 2655">
     <span class='ocr_line' id='line_1_24' title="bbox 255 2457 2188 2557; baseline -0.012 -10"><span class='ocrx_word' id='word_1_233' title='bbox 255 2529 263 2545; x_wconf 92' lang='lat'><strong><em>.</em></strong></span> <span class='ocrx_word' id='word_1_234' title='bbox 306 2529 314 2545; x_wconf 92' lang='lat'><strong><em>.</em></strong></span> <span class='ocrx_word' id='word_1_235' title='bbox 390 2530 398 2545; x_wconf 90' lang='lat'><strong>.</strong></span> <span class='ocrx_word' id='word_1_236' title='bbox 450 2531 458 2546; x_wconf 93' lang='lat'><strong>.</strong></span> <span class='ocrx_word' id='word_1_237' title='bbox 532 2530 541 2547; x_wconf 90' lang='lat'><strong>.</strong></span> <span class='ocrx_word' id='word_1_238' title='bbox 696 2529 737 2546; x_wconf 84' lang='lat'>..</span> <span class='ocrx_word' id='word_1_239' title='bbox 769 2529 790 2545; x_wconf 89' lang='lat'>..</span> <span class='ocrx_word' id='word_1_240' title='bbox 921 2528 929 2544; x_wconf 90' lang='lat'><strong>.</strong></span> <span class='ocrx_word' id='word_1_241' title='bbox 977 2528 984 2543; x_wconf 91' lang='lat'><strong>.</strong></span> <span class='ocrx_word' id='word_1_242' title='bbox 1022 2527 1030 2543; x_wconf 90' lang='lat'><strong>.</strong></span> <span class='ocrx_word' id='word_1_243' title='bbox 1200 2477 1277 2532; x_wconf 88' lang='lat' dir='ltr'>tum</span> <span class='ocrx_word' id='word_1_244' title='bbox 1300 2457 1556 2557; x_wconf 77' lang='lat' dir='ltr'>Belgicum*),</span> <span class='ocrx_word' id='word_1_245' title='bbox 1589 2464 1651 2556; x_wconf 91' lang='lat' dir='ltr'>qui</span> <span class='ocrx_word' id='word_1_246' title='bbox 1674 2476 1756 2532; x_wconf 90' lang='lat' dir='ltr'>ante</span> <span class='ocrx_word' id='word_1_247' title='bbox 1780 2484 1933 2530; x_wconf 89' lang='lat' dir='ltr'>mensem</span> <span class='ocrx_word' id='word_1_248' title='bbox 1956 2462 2023 2530; x_wconf 88' lang='lat' dir='ltr'>fnit</span> <span class='ocrx_word' id='word_1_249' title='bbox 2046 2462 2085 2528; x_wconf 91' lang='lat' dir='ltr'>in</span> <span class='ocrx_word' id='word_1_250' title='bbox 2109 2462 2188 2550; x_wconf 89' lang='lat' dir='ltr'>ripa</span> 
     </span>
     <span class='ocr_line' id='line_1_25' title="bbox 165 2531 2191 2655; baseline -0.009 -58"><span class='ocrx_word' id='word_1_251' title='bbox 165 2553 333 2619; x_wconf 75' lang='lat' dir='ltr'>proximis</span> <span class='ocrx_word' id='word_1_252' title='bbox 348 2543 417 2598; x_wconf 88' lang='lat' dir='ltr'>turs</span> <span class='ocrx_word' id='word_1_253' title='bbox 435 2531 559 2599; x_wconf 76' lang='lat' dir='ltr'>litteris</span> <span class='ocrx_word' id='word_1_254' title='bbox 575 2531 619 2598; x_wconf 92' lang='lat' dir='ltr'>de</span> <span class='ocrx_word' id='word_1_255' title='bbox 634 2542 810 2598; x_wconf 84' lang='lat' dir='ltr'>vatrcmus</span> <span class='ocrx_word' id='word_1_256' title='bbox 826 2539 1049 2618; x_wconf 78' lang='lat' dir='ltr'>asscripslsu,</span> <span class='ocrx_word' id='word_1_257' title='bbox 1076 2549 1150 2593; x_wconf 93' lang='lat' dir='ltr'>non</span> <span class='ocrx_word' id='word_1_258' title='bbox 1200 2559 1340 2645; x_wconf 51' lang='lat' dir='ltr'><strong>Rheni,</strong></span> <span class='ocrx_word' id='word_1_259' title='bbox 1368 2588 1474 2655; x_wconf 59' lang='lat' dir='ltr'>quam</span> <span class='ocrx_word' id='word_1_260' title='bbox 1496 2578 1641 2655; x_wconf 49' lang='lat' dir='ltr'>propter</span> <span class='ocrx_word' id='word_1_261' title='bbox 1663 2564 1850 2632; x_wconf 59' lang='lat' dir='ltr'><strong>exercitum</strong></span> <span class='ocrx_word' id='word_1_262' title='bbox 1865 2554 1998 2631; x_wconf 54' lang='lat' dir='ltr'><em>Caroli</em></span> <span class='ocrx_word' id='word_1_263' title='bbox 2018 2562 2055 2628; x_wconf 66' lang='lat' dir='ltr'>in</span> <span class='ocrx_word' id='word_1_264' title='bbox 2072 2558 2191 2630; x_wconf 51' lang='lat' dir='ltr'>Bava-</span> 
     </span>
    </p>
   </div>
   <div class='ocr_carea' id='block_1_7' title="bbox 164 2625 2192 2844">
    <p class='ocr_par' dir='ltr' id='par_1_12' title="bbox 164 2625 2192 2844">
     <span class='ocr_line' id='line_1_26' title="bbox 164 2625 2192 2736; baseline -0.025 42"><span class='ocrx_word' id='word_1_265' title='bbox 164 2631 356 2699; x_wconf 88' lang='lat' dir='ltr'>admodum</span> <span class='ocrx_word' id='word_1_266' title='bbox 376 2630 551 2715; x_wconf 58' lang='lat' dir='ltr'>inlellffld&#39;</span> <span class='ocrx_word' id='word_1_267' title='bbox 581 2645 621 2700; x_wconf 65' lang='lat' dir='ltr'>ul</span> <span class='ocrx_word' id='word_1_268' title='bbox 645 2630 708 2723; x_wconf 61' lang='lat' dir='ltr'>qni</span> <span class='ocrx_word' id='word_1_269' title='bbox 731 2625 823 2732; x_wconf 65' lang='lat' dir='ltr'>nihil</span> <span class='ocrx_word' id='word_1_270' title='bbox 849 2653 971 2698; x_wconf 59' lang='lat' dir='ltr'>mmm</span> <span class='ocrx_word' id='word_1_271' title='bbox 990 2626 1150 2697; x_wconf 64' lang='lat' dir='ltr'>viderim·</span> <span class='ocrx_word' id='word_1_272' title='bbox 1200 2665 1265 2736; x_wconf 86' lang='lat' dir='ltr'>ria.</span> <span class='ocrx_word' id='word_1_273' title='bbox 1316 2661 1386 2732; x_wconf 89' lang='lat' dir='ltr'>Sed</span> <span class='ocrx_word' id='word_1_274' title='bbox 1401 2661 1517 2734; x_wconf 91' lang='lat' dir='ltr'>Deum</span> <span class='ocrx_word' id='word_1_275' title='bbox 1534 2679 1715 2736; x_wconf 90' lang='lat' dir='ltr'>aeternum</span> <span class='ocrx_word' id='word_1_276' title='bbox 1758 2662 1896 2733; x_wconf 86' lang='lat' dir='ltr'>Patrem</span> <span class='ocrx_word' id='word_1_277' title='bbox 1912 2661 2058 2732; x_wconf 89' lang='lat' dir='ltr'>Domini</span> <span class='ocrx_word' id='word_1_278' title='bbox 2074 2663 2192 2730; x_wconf 89' lang='lat' dir='ltr'>nostri</span> 
     </span>
     <span class='ocr_line' id='line_1_27' title="bbox 165 2718 1732 2844; baseline -0.029 -34"><span class='ocrx_word' id='word_1_279' title='bbox 165 2728 286 2818; x_wconf 77' lang='lat' dir='ltr'>Quare</span> <span class='ocrx_word' id='word_1_280' title='bbox 307 2731 338 2798; x_wconf 84' lang='lat' dir='ltr'>si</span> <span class='ocrx_word' id='word_1_281' title='bbox 360 2731 447 2823; x_wconf 93' lang='lat' dir='ltr'>quid</span> <span class='ocrx_word' id='word_1_282' title='bbox 469 2731 713 2821; x_wconf 84' lang='lat' dir='ltr'>admirationis</span> <span class='ocrx_word' id='word_1_283' title='bbox 728 2726 879 2815; x_wconf 90' lang='lat' dir='ltr'>hahent,</span> <span class='ocrx_word' id='word_1_284' title='bbox 910 2731 965 2798; x_wconf 85' lang='lat' dir='ltr'>fac</span> <span class='ocrx_word' id='word_1_285' title='bbox 980 2722 1071 2796; x_wconf 90' lang='lat' dir='ltr'>mihi</span> <span class='ocrx_word' id='word_1_286' title='bbox 1089 2729 1152 2844; x_wconf 45' lang='lat' dir='ltr'>de:</span> <span class='ocrx_word' id='word_1_287' title='bbox 1722 2718 1732 2748; x_wconf 76' lang='lat'>’</span> 
     </span>
    </p>
   </div>
   <div class='ocr_carea' id='block_1_8' title="bbox 163 2827 1153 3126">
    <p class='ocr_par' dir='ltr' id='par_1_13' title="bbox 163 2827 1153 3126">
     <span class='ocr_line' id='line_1_28' title="bbox 163 2827 1153 2924; baseline -0.005 -25"><span class='ocrx_word' id='word_1_288' title='bbox 163 2832 380 2904; x_wconf 87' lang='lat' dir='ltr'>scribuntur.</span> <span class='ocrx_word' id='word_1_289' title='bbox 430 2830 520 2901; x_wconf 91' lang='lat' dir='ltr'>Nam</span> <span class='ocrx_word' id='word_1_290' title='bbox 543 2832 681 2902; x_wconf 87' lang='lat' dir='ltr'>tametsi</span> <span class='ocrx_word' id='word_1_291' title='bbox 700 2827 794 2924; x_wconf 86' lang='lat' dir='ltr'>nihil</span> <span class='ocrx_word' id='word_1_292' title='bbox 816 2833 866 2900; x_wconf 91' lang='lat' dir='ltr'>eis</span> <span class='ocrx_word' id='word_1_293' title='bbox 881 2831 1055 2913; x_wconf 86' lang='lat' dir='ltr'>tribuam,</span> <span class='ocrx_word' id='word_1_294' title='bbox 1081 2851 1153 2895; x_wconf 85' lang='lat' dir='ltr'>msr</span> 
     </span>
     <span class='ocr_line' id='line_1_29' title="bbox 164 2928 1150 3018; baseline -0.006 -16"><span class='ocrx_word' id='word_1_295' title='bbox 164 2957 245 3002; x_wconf 89' lang='lat' dir='ltr'>cum</span> <span class='ocrx_word' id='word_1_296' title='bbox 266 2933 374 3002; x_wconf 88' lang='lat' dir='ltr'>sacris</span> <span class='ocrx_word' id='word_1_297' title='bbox 395 2934 616 3003; x_wconf 85' lang='lat' dir='ltr'>consentiant</span> <span class='ocrx_word' id='word_1_298' title='bbox 639 2933 785 3017; x_wconf 83' lang='lat' dir='ltr'>litteris,</span> <span class='ocrx_word' id='word_1_299' title='bbox 810 2946 928 3018; x_wconf 87' lang='lat' dir='ltr'>tamen</span> <span class='ocrx_word' id='word_1_300' title='bbox 951 2928 1150 3000; x_wconf 87' lang='lat' dir='ltr'>curiositate</span> 
     </span>
     <span class='ocr_line' id='line_1_30' title="bbox 165 3029 1151 3126; baseline -0.005 -23"><span class='ocrx_word' id='word_1_301' title='bbox 165 3035 317 3126; x_wconf 89' lang='lat' dir='ltr'>quadam</span> <span class='ocrx_word' id='word_1_302' title='bbox 333 3034 483 3104; x_wconf 86' lang='lat' dir='ltr'>libenter</span> <span class='ocrx_word' id='word_1_303' title='bbox 497 3036 580 3104; x_wconf 87' lang='lat' dir='ltr'>talia</span> <span class='ocrx_word' id='word_1_304' title='bbox 596 3034 758 3122; x_wconf 88' lang='lat' dir='ltr'>inspicio.</span> <span class='ocrx_word' id='word_1_305' title='bbox 782 3031 879 3103; x_wconf 90' lang='lat' dir='ltr'>Bene</span> <span class='ocrx_word' id='word_1_306' title='bbox 894 3033 982 3104; x_wconf 89' lang='lat' dir='ltr'>vale.</span> <span class='ocrx_word' id='word_1_307' title='bbox 1008 3034 1043 3103; x_wconf 79' lang='lat'>2.</span> <span class='ocrx_word' id='word_1_308' title='bbox 1056 3029 1151 3120; x_wconf 86' lang='lat' dir='ltr'>Sept.</span> 
     </span>
    </p>
   </div>
   <div class='ocr_carea' id='block_1_9' title="bbox 165 3131 731 3233">
    <p class='ocr_par' dir='ltr' id='par_1_14' title="bbox 165 3131 731 3233">
     <span class='ocr_line' id='line_1_31' title="bbox 165 3131 731 3233; baseline 0.007 -31"><span class='ocrx_word' id='word_1_309' title='bbox 165 3137 232 3205; x_wconf 91' lang='lat' dir='ltr'>sub</span> <span class='ocrx_word' id='word_1_310' title='bbox 249 3158 439 3233; x_wconf 85' lang='lat' dir='ltr'>vesperam.</span> <span class='ocrx_word' id='word_1_311' title='bbox 491 3131 599 3205; x_wconf 86' lang='lat' dir='ltr'>Anno</span> <span class='ocrx_word' id='word_1_312' title='bbox 622 3132 731 3210; x_wconf 80' lang='lat'><strong>1546.</strong></span> 
     </span>
    </p>
   </div>
   <div class='ocr_carea' id='block_1_10' title="bbox 166 2759 2269 4177">
    <p class='ocr_par' dir='ltr' id='par_1_15' title="bbox 167 2759 2269 3764">
     <span class='ocr_line' id='line_1_32' title="bbox 1201 2759 2191 2859; baseline -0.003 -26"><span class='ocrx_word' id='word_1_313' title='bbox 1201 2763 1281 2833; x_wconf 83' lang='lat' dir='ltr'>Iesu</span> <span class='ocrx_word' id='word_1_314' title='bbox 1295 2760 1447 2850; x_wconf 85' lang='lat' dir='ltr'>Christi,</span> <span class='ocrx_word' id='word_1_315' title='bbox 1482 2790 1564 2850; x_wconf 90' lang='lat' dir='ltr'>oro,</span> <span class='ocrx_word' id='word_1_316' title='bbox 1595 2780 1636 2837; x_wconf 92' lang='lat' dir='ltr'>ut</span> <span class='ocrx_word' id='word_1_317' title='bbox 1657 2767 1789 2859; x_wconf 91' lang='lat' dir='ltr'>ubique</span> <span class='ocrx_word' id='word_1_318' title='bbox 1812 2765 1964 2854; x_wconf 87' lang='lat' dir='ltr'>depellat</span> <span class='ocrx_word' id='word_1_319' title='bbox 1983 2759 2101 2832; x_wconf 92' lang='lat' dir='ltr'>hostes</span> <span class='ocrx_word' id='word_1_320' title='bbox 2121 2786 2191 2831; x_wconf 88' lang='lat' dir='ltr'>no-</span> 
     </span>
     <span class='ocr_line' id='line_1_33' title="bbox 1201 2862 2190 2956; baseline -0.002 -22"><span class='ocrx_word' id='word_1_321' title='bbox 1201 2880 1352 2936; x_wconf 89' lang='lat' dir='ltr'>strarum</span> <span class='ocrx_word' id='word_1_322' title='bbox 1368 2862 1616 2936; x_wconf 85' lang='lat' dir='ltr'>Ecclesiamm.</span> <span class='ocrx_word' id='word_1_323' title='bbox 1667 2864 1701 2935; x_wconf 89' lang='lat' dir='ltr'><strong>A</strong></span> <span class='ocrx_word' id='word_1_324' title='bbox 1724 2864 1825 2934; x_wconf 91' lang='lat' dir='ltr'>vobis</span> <span class='ocrx_word' id='word_1_325' title='bbox 1843 2865 1945 2936; x_wconf 88' lang='lat' dir='ltr'>etiam</span> <span class='ocrx_word' id='word_1_326' title='bbox 1963 2878 2063 2956; x_wconf 91' lang='lat' dir='ltr'>pcto,</span> <span class='ocrx_word' id='word_1_327' title='bbox 2088 2877 2128 2933; x_wconf 91' lang='lat' dir='ltr'>ut</span> <span class='ocrx_word' id='word_1_328' title='bbox 2145 2865 2190 2931; x_wconf 92' lang='lat' dir='ltr'>de</span> 
     </span>
     <span class='ocr_line' id='line_1_34' title="bbox 1200 2960 2191 3052; baseline -0.009 -14"><span class='ocrx_word' id='word_1_329' title='bbox 1200 2963 1385 3038; x_wconf 87' lang='lat' dir='ltr'>Rhenanis</span> <span class='ocrx_word' id='word_1_330' title='bbox 1405 2968 1511 3036; x_wconf 93' lang='lat' dir='ltr'>rebus</span> <span class='ocrx_word' id='word_1_331' title='bbox 1533 2970 1577 3037; x_wconf 86' lang='lat' dir='ltr'>ad</span> <span class='ocrx_word' id='word_1_332' title='bbox 1600 2991 1665 3037; x_wconf 92' lang='lat' dir='ltr'>nos</span> <span class='ocrx_word' id='word_1_333' title='bbox 1686 2967 1857 3052; x_wconf 81' lang='lat' dir='ltr'>scribatis.</span> <span class='ocrx_word' id='word_1_334' title='bbox 1905 2965 1997 3036; x_wconf 88' lang='lat' dir='ltr'>Nam</span> <span class='ocrx_word' id='word_1_335' title='bbox 2011 2960 2075 3034; x_wconf 88' lang='lat' dir='ltr'>has</span> <span class='ocrx_word' id='word_1_336' title='bbox 2088 2964 2191 3033; x_wconf 84' lang='lat' dir='ltr'>vobis</span> 
     </span>
     <span class='ocr_line' id='line_1_35' title="bbox 1200 3055 2191 3138; baseline -0.003 -3"><span class='ocrx_word' id='word_1_337' title='bbox 1200 3082 1302 3137; x_wconf 88' lang='lat' dir='ltr'>notas</span> <span class='ocrx_word' id='word_1_338' title='bbox 1317 3090 1389 3136; x_wconf 90' lang='lat' dir='ltr'>esse</span> <span class='ocrx_word' id='word_1_339' title='bbox 1407 3068 1570 3137; x_wconf 91' lang='lat' dir='ltr'>arbitror.</span> <span class='ocrx_word' id='word_1_340' title='bbox 1621 3067 1663 3137; x_wconf 91' lang='lat' dir='ltr'>ln</span> <span class='ocrx_word' id='word_1_341' title='bbox 1677 3067 1827 3138; x_wconf 66' lang='lat' dir='ltr'>Bararia</span> <span class='ocrx_word' id='word_1_342' title='bbox 1847 3064 2015 3138; x_wconf 91' lang='lat' dir='ltr'>hactenus</span> <span class='ocrx_word' id='word_1_343' title='bbox 2030 3055 2191 3134; x_wconf 83' lang='lat' dir='ltr'>Carolus</span> 
     </span>
     <span class='ocr_line' id='line_1_36' title="bbox 1200 3164 2165 3255; baseline -0.004 -18"><span class='ocrx_word' id='word_1_344' title='bbox 1200 3164 1268 3237; x_wconf 89' lang='lat' dir='ltr'>hoc</span> <span class='ocrx_word' id='word_1_345' title='bbox 1283 3169 1372 3254; x_wconf 80' lang='lat' dir='ltr'>agit,</span> <span class='ocrx_word' id='word_1_346' title='bbox 1399 3184 1439 3240; x_wconf 91' lang='lat' dir='ltr'>ut</span> <span class='ocrx_word' id='word_1_347' title='bbox 1454 3165 1612 3239; x_wconf 85' lang='lat' dir='ltr'>extrahat</span> <span class='ocrx_word' id='word_1_348' title='bbox 1625 3170 1778 3255; x_wconf 91' lang='lat' dir='ltr'>bellum,</span> <span class='ocrx_word' id='word_1_349' title='bbox 1802 3193 1868 3238; x_wconf 88' lang='lat' dir='ltr'>nec</span> <span class='ocrx_word' id='word_1_350' title='bbox 1882 3167 2165 3241; x_wconf 88' lang='lat' dir='ltr'>statim&#39;dimicet.</span> 
     </span>
     <span class='ocr_line' id='line_1_37' title="bbox 1272 3258 2244 3362; baseline -0.002 -25"><span class='ocrx_word' id='word_1_351' title='bbox 1272 3258 1537 3362; x_wconf 77' lang='lat' dir='ltr'>Cingularium</span> <span class='ocrx_word' id='word_1_352' title='bbox 1554 3272 1687 3360; x_wconf 88' lang='lat' dir='ltr'>optimo</span> <span class='ocrx_word' id='word_1_353' title='bbox 1703 3273 1844 3360; x_wconf 86' lang='lat' dir='ltr'>ingenio</span> <span class='ocrx_word' id='word_1_354' title='bbox 1861 3273 2070 3360; x_wconf 89' lang='lat' dir='ltr'>praeditum,</span> <span class='ocrx_word' id='word_1_355' title='bbox 2090 3279 2192 3358; x_wconf 88' lang='lat' dir='ltr'>opta·</span> <span class='ocrx_word' id='word_1_356' title='bbox 2239 3303 2244 3313; x_wconf 75' lang='lat'><em>,</em></span> 
     </span>
     <span class='ocr_line' id='line_1_38' title="bbox 1202 3369 2192 3460; baseline -0.003 -22"><span class='ocrx_word' id='word_1_357' title='bbox 1202 3369 1288 3453; x_wconf 88' lang='lat' dir='ltr'>rim,</span> <span class='ocrx_word' id='word_1_358' title='bbox 1313 3372 1477 3460; x_wconf 89' lang='lat' dir='ltr'>possein</span> <span class='ocrx_word' id='word_1_359' title='bbox 1501 3373 1626 3442; x_wconf 89' lang='lat' dir='ltr'>studiis</span> <span class='ocrx_word' id='word_1_360' title='bbox 1649 3372 1806 3440; x_wconf 87' lang='lat' dir='ltr'>retineri.</span> <span class='ocrx_word' id='word_1_361' title='bbox 1858 3369 1963 3440; x_wconf 90' lang='lat' dir='ltr'>Nunc</span> <span class='ocrx_word' id='word_1_362' title='bbox 1989 3371 2081 3437; x_wconf 90' lang='lat' dir='ltr'>inter</span> <span class='ocrx_word' id='word_1_363' title='bbox 2102 3369 2192 3437; x_wconf 90' lang='lat' dir='ltr'>belli</span> 
     </span>
     <span class='ocr_line' id='line_1_39' title="bbox 167 3456 2193 3566; baseline 0 -29"><span class='ocrx_word' id='word_1_364' title='bbox 167 3464 234 3534; x_wconf 89' lang='lat' dir='ltr'>No.</span> <span class='ocrx_word' id='word_1_365' title='bbox 248 3456 359 3535; x_wconf 79' lang='lat'>3553·</span> <span class='ocrx_word' id='word_1_366' title='bbox 1015 3476 1046 3535; x_wconf 80' lang='grc'>8.</span> <span class='ocrx_word' id='word_1_367' title='bbox 1065 3465 1152 3547; x_wconf 79' lang='lat' dir='ltr'>Sept.</span> <span class='ocrx_word' id='word_1_368' title='bbox 1202 3473 1292 3540; x_wconf 86' lang='lat' dir='ltr'>mala</span> <span class='ocrx_word' id='word_1_369' title='bbox 1308 3466 1376 3541; x_wconf 92' lang='lat' dir='ltr'>hoc</span> <span class='ocrx_word' id='word_1_370' title='bbox 1395 3497 1535 3566; x_wconf 90' lang='lat' dir='ltr'>quoque</span> <span class='ocrx_word' id='word_1_371' title='bbox 1554 3474 1726 3563; x_wconf 72' lang='lat' dir='ltr'>estquod</span> <span class='ocrx_word' id='word_1_372' title='bbox 1744 3469 1957 3559; x_wconf 88' lang='lat' dir='ltr'>pauperibus</span> <span class='ocrx_word' id='word_1_373' title='bbox 1973 3464 2193 3537; x_wconf 89' lang='lat' dir='ltr'>scholasticis</span> 
     </span>
     <span class='ocr_line' id='line_1_40' title="bbox 172 3556 2269 3663; baseline -0.006 -19"><span class='ocrx_word' id='word_1_374' title='bbox 172 3556 343 3587; x_wconf 53' lang='lat' dir='ltr'>ww</span> <span class='ocrx_word' id='word_1_375' title='bbox 1014 3556 1150 3580; x_wconf 52' lang='grc' dir='ltr'><strong>Μ</strong></span> <span class='ocrx_word' id='word_1_376' title='bbox 1202 3572 1319 3641; x_wconf 91' lang='lat' dir='ltr'>minus</span> <span class='ocrx_word' id='word_1_377' title='bbox 1341 3574 1505 3663; x_wconf 90' lang='lat' dir='ltr'>opitulari</span> <span class='ocrx_word' id='word_1_378' title='bbox 1520 3583 1666 3663; x_wconf 88' lang='lat' dir='ltr'>possunt</span> <span class='ocrx_word' id='word_1_379' title='bbox 1679 3568 1850 3658; x_wconf 87' lang='lat' dir='ltr'>Respubl.</span> <span class='ocrx_word' id='word_1_380' title='bbox 1868 3579 1902 3638; x_wconf 89' lang='lat' dir='ltr'>et</span> <span class='ocrx_word' id='word_1_381' title='bbox 1918 3563 2056 3636; x_wconf 89' lang='lat' dir='ltr'>honesti</span> <span class='ocrx_word' id='word_1_382' title='bbox 2072 3560 2193 3634; x_wconf 90' lang='lat' dir='ltr'>homi·</span> <span class='ocrx_word' id='word_1_383' title='bbox 2267 3625 2269 3631; x_wconf 91' lang='lat'><em>.</em></span> 
     </span>
     <span class='ocr_line' id='line_1_41' title="bbox 528 3653 2192 3764; baseline -0.004 -24"><span class='ocrx_word' id='word_1_384' title='bbox 528 3657 589 3740; x_wconf 88' lang='lat' dir='ltr'>M.</span> <span class='ocrx_word' id='word_1_385' title='bbox 622 3653 797 3742; x_wconf 77' lang='lat' dir='ltr'>Collino.</span> <span class='ocrx_word' id='word_1_386' title='bbox 1204 3696 1276 3745; x_wconf 87' lang='lat' dir='ltr'>nes.</span> <span class='ocrx_word' id='word_1_387' title='bbox 1329 3670 1425 3757; x_wconf 90' lang='lat' dir='ltr'>Oro,</span> <span class='ocrx_word' id='word_1_388' title='bbox 1452 3675 1479 3739; x_wconf 87' lang='lat' dir='ltr'>si</span> <span class='ocrx_word' id='word_1_389' title='bbox 1494 3695 1562 3764; x_wconf 90' lang='lat' dir='ltr'>qua</span> <span class='ocrx_word' id='word_1_390' title='bbox 1579 3670 1635 3737; x_wconf 92' lang='lat' dir='ltr'>via</span> <span class='ocrx_word' id='word_1_391' title='bbox 1652 3683 1702 3738; x_wconf 93' lang='lat' dir='ltr'>est</span> <span class='ocrx_word' id='word_1_392' title='bbox 1718 3671 1792 3738; x_wconf 89' lang='lat' dir='ltr'>eius</span> <span class='ocrx_word' id='word_1_393' title='bbox 1809 3670 1973 3747; x_wconf 90' lang='lat' dir='ltr'>iuvandi,</span> <span class='ocrx_word' id='word_1_394' title='bbox 1999 3682 2038 3735; x_wconf 93' lang='lat' dir='ltr'>ut</span> <span class='ocrx_word' id='word_1_395' title='bbox 2052 3667 2084 3734; x_wconf 92' lang='lat' dir='ltr'>ei</span> <span class='ocrx_word' id='word_1_396' title='bbox 2100 3676 2192 3746; x_wconf 60' lang='lat' dir='ltr'>cou-¹</span> 
     </span>
    </p>

    <p class='ocr_par' dir='ltr' id='par_1_16' title="bbox 234 3769 2193 3890">
     <span class='ocr_line' id='line_1_42' title="bbox 234 3769 2193 3890; baseline -0.003 -46"><span class='ocrx_word' id='word_1_397' title='bbox 234 3820 257 3890; x_wconf 77' lang='lat'><em>†</em></span> <span class='ocrx_word' id='word_1_398' title='bbox 276 3818 313 3871; x_wconf 57' lang='grc' dir='ltr'>Ε,</span> <span class='ocrx_word' id='word_1_399' title='bbox 330 3835 423 3889; x_wconf 78' lang='lat' dir='ltr'>apogr.</span> <span class='ocrx_word' id='word_1_400' title='bbox 441 3820 468 3871; x_wconf 50' lang='grc' dir='ltr'>ᾗ,</span> <span class='ocrx_word' id='word_1_401' title='bbox 488 3819 549 3874; x_wconf 78' lang='lat' dir='ltr'>eod.</span> <span class='ocrx_word' id='word_1_402' title='bbox 567 3820 651 3876; x_wconf 77' lang='lat' dir='ltr'>Paris.</span> <span class='ocrx_word' id='word_1_403' title='bbox 670 3820 696 3872; x_wconf 74' lang='lat' dir='ltr'>D</span> <span class='ocrx_word' id='word_1_404' title='bbox 719 3821 749 3874; x_wconf 44' lang='lat' dir='ltr'>L·</span> <span class='ocrx_word' id='word_1_405' title='bbox 764 3820 823 3874; x_wconf 76' lang='lat'>54⁵.</span> <span class='ocrx_word' id='word_1_406' title='bbox 1202 3775 1348 3844; x_wconf 85' lang='lat' dir='ltr'>sulatur.</span> <span class='ocrx_word' id='word_1_407' title='bbox 1368 3771 1463 3842; x_wconf 88' lang='lat' dir='ltr'>Bene</span> <span class='ocrx_word' id='word_1_408' title='bbox 1477 3787 1510 3841; x_wconf 90' lang='lat' dir='ltr'>et</span> <span class='ocrx_word' id='word_1_409' title='bbox 1522 3770 1672 3840; x_wconf 85' lang='lat' dir='ltr'>feliciter</span> <span class='ocrx_word' id='word_1_410' title='bbox 1688 3773 1810 3843; x_wconf 86' lang='lat' dir='ltr'>valete.</span> <span class='ocrx_word' id='word_1_411' title='bbox 1833 3769 1900 3840; x_wconf 91' lang='lat' dir='ltr'>Die</span> <span class='ocrx_word' id='word_1_412' title='bbox 1915 3770 1949 3842; x_wconf 84' lang='lat'>7.</span> <span class='ocrx_word' id='word_1_413' title='bbox 1961 3770 2193 3856; x_wconf 87' lang='lat' dir='ltr'>Septembris.</span> 
     </span>
    </p>

    <p class='ocr_par' dir='ltr' id='par_1_17' title="bbox 166 3867 2168 4177">
     <span class='ocr_line' id='line_1_43' title="bbox 699 3867 2140 3962; baseline -0.003 -20"><span class='ocrx_word' id='word_1_414' title='bbox 699 3867 704 3882; x_wconf 87' lang='lat'>&#39;</span> <span class='ocrx_word' id='word_1_415' title='bbox 1941 3867 2140 3962; x_wconf 86' lang='lat' dir='ltr'>Philippus.</span> 
     </span>
     <span class='ocr_line' id='line_1_44' title="bbox 166 3969 2168 4074; baseline -0.002 -26"><span class='ocrx_word' id='word_1_416' title='bbox 166 3970 357 4071; x_wconf 84' lang='grc' dir='ltr'><strong><em>Ᾰίάεσίμῳ</em></strong></span> <span class='ocrx_word' id='word_1_417' title='bbox 372 3969 483 4067; x_wconf 77' lang='grc' dir='ltr'><strong><em>ἀνδρὶ</em></strong></span> <span class='ocrx_word' id='word_1_418' title='bbox 495 3971 557 4046; x_wconf 81' lang='grc' dir='ltr'>καὶ</span> <span class='ocrx_word' id='word_1_419' title='bbox 570 3971 764 4074; x_wconf 80' lang='grc' dir='ltr'><strong><em>φιλοσόφῳ</em></strong></span> <span class='ocrx_word' id='word_1_420' title='bbox 778 3980 828 4048; x_wconf 91' lang='lat' dir='ltr'><em>M</em></span> <span class='ocrx_word' id='word_1_421' title='bbox 833 3971 981 4048; x_wconf 80' lang='grc' dir='ltr'><strong><em>ατθαί</em></strong></span> <span class='ocrx_word' id='word_1_422' title='bbox 988 4002 1018 4071; x_wconf 90' lang='grc' dir='ltr'><strong><em>ῳ</em></strong></span> <span class='ocrx_word' id='word_1_423' title='bbox 1038 3979 1078 4046; x_wconf 91' lang='lat' dir='ltr'><em>K</em></span> <span class='ocrx_word' id='word_1_424' title='bbox 1080 3980 1152 4047; x_wconf 88' lang='grc' dir='ltr'>ολ-</span> <span class='ocrx_word' id='word_1_425' title='bbox 2158 3975 2168 3987; x_wconf 48' lang='lat'>⁸</span> 
     </span>
     <span class='ocr_line' id='line_1_45' title="bbox 447 4071 868 4177; baseline 0.007 -32"><span class='ocrx_word' id='word_1_426' title='bbox 447 4071 576 4170; x_wconf 81' lang='grc' dir='ltr'><strong><em>λίνῳ,</em></strong></span> <span class='ocrx_word' id='word_1_427' title='bbox 604 4073 702 4172; x_wconf 84' lang='grc' dir='ltr'><strong><em>φίλῳ</em></strong></span> <span class='ocrx_word' id='word_1_428' title='bbox 714 4074 868 4177; x_wconf 89' lang='grc' dir='ltr'><strong><em>γνησίῳ.</em></strong></span> 
     </span>
    </p>
   </div>
   <div class='ocr_carea' id='block_1_11' title="bbox 172 4171 2176 4330">
    <p class='ocr_par' dir='ltr' id='par_1_18' title="bbox 172 4171 2176 4330">
     <span class='ocr_line' id='line_1_46' title="bbox 172 4171 2176 4330; baseline -0.002 -37"><span class='ocrx_word' id='word_1_429' title='bbox 172 4211 244 4318; x_wconf 76' lang='grc' dir='ltr'>Τῷ</span> <span class='ocrx_word' id='word_1_430' title='bbox 266 4215 432 4320; x_wconf 80' lang='grc' dir='ltr'><strong><em>φιλτάτῳ</em></strong></span> <span class='ocrx_word' id='word_1_431' title='bbox 449 4217 617 4316; x_wconf 79' lang='grc' dir='ltr'><strong><em>Καλλίνῳ</em></strong></span> <span class='ocrx_word' id='word_1_432' title='bbox 634 4216 676 4294; x_wconf 84' lang='grc' dir='ltr'>εὖ</span> <span class='ocrx_word' id='word_1_433' title='bbox 698 4218 881 4319; x_wconf 86' lang='grc' dir='ltr'><strong><em>πράττειν.</em></strong></span> <span class='ocrx_word' id='word_1_434' title='bbox 932 4225 1030 4322; x_wconf 82' lang='grc' dir='ltr'><strong><em>Παρ’</em></strong></span> <span class='ocrx_word' id='word_1_435' title='bbox 1043 4225 1153 4323; x_wconf 70' lang='lat' dir='ltr'>Eripe·</span> <span class='ocrx_word' id='word_1_436' title='bbox 1203 4200 1398 4330; x_wconf 56' lang='lat' dir='ltr'>Q·</span> <span class='ocrx_word' id='word_1_437' title='bbox 1858 4171 1860 4174; x_wconf 57' lang='lat'>&gt;</span> <span class='ocrx_word' id='word_1_438' title='bbox 2039 4214 2072 4273; x_wconf 80' lang='lat'>8·</span> <span class='ocrx_word' id='word_1_439' title='bbox 2090 4203 2176 4288; x_wconf 81' lang='lat' dir='ltr'>Sept.</span> 
     </span>
    </p>
   </div>
   <div class='ocr_carea' id='block_1_12' title="bbox 168 4295 2195 4931">
    <p class='ocr_par' dir='ltr' id='par_1_19' title="bbox 168 4295 2186 4524">
     <span class='ocr_line' id='line_1_47' title="bbox 168 4295 2186 4435; baseline 0.008 -40"><span class='ocrx_word' id='word_1_440' title='bbox 168 4320 258 4416; x_wconf 82' lang='grc' dir='ltr'>πίάη</span> <span class='ocrx_word' id='word_1_441' title='bbox 275 4320 421 4417; x_wconf 80' lang='grc' dir='ltr'><strong><em>Θησεὺς,</em></strong></span> <span class='ocrx_word' id='word_1_442' title='bbox 443 4319 493 4403; x_wconf 74' lang='grc' dir='ltr'><strong><em>ὡς</em></strong></span> <span class='ocrx_word' id='word_1_443' title='bbox 507 4324 621 4414; x_wconf 81' lang='grc' dir='ltr'><strong><em>οἴμαι,</em></strong></span> <span class='ocrx_word' id='word_1_444' title='bbox 644 4320 752 4411; x_wconf 77' lang='grc' dir='ltr'><strong><em>εἶπεν,</em></strong></span> <span class='ocrx_word' id='word_1_445' title='bbox 776 4323 863 4420; x_wconf 85' lang='grc' dir='ltr'><strong><em>ὅπερ</em></strong></span> <span class='ocrx_word' id='word_1_446' title='bbox 880 4332 923 4421; x_wconf 81' lang='grc' dir='ltr'>τῇ</span> <span class='ocrx_word' id='word_1_447' title='bbox 935 4326 1154 4423; x_wconf 73' lang='grc' dir='ltr'><strong><em>ἀνθρώπια</em></strong></span> <span class='ocrx_word' id='word_1_448' title='bbox 1566 4381 1569 4391; x_wconf 89' lang='lat'><em>·</em></span> <span class='ocrx_word' id='word_1_449' title='bbox 1591 4395 1600 4405; x_wconf 77' lang='grc'>,</span> <span class='ocrx_word' id='word_1_450' title='bbox 1614 4353 1769 4435; x_wconf 61' lang='lat' dir='ltr'><em>Eidem</em></span> <span class='ocrx_word' id='word_1_451' title='bbox 2014 4295 2186 4324; x_wconf 53' lang='lat' dir='ltr'><em>m</em></span> 
     </span>
     <span class='ocr_line' id='line_1_48' title="bbox 169 4414 1780 4524; baseline 0.007 -28"><span class='ocrx_word' id='word_1_452' title='bbox 169 4429 309 4521; x_wconf 83' lang='grc' dir='ltr'><strong><em>φυσικῇ</em></strong></span> <span class='ocrx_word' id='word_1_453' title='bbox 324 4421 518 4522; x_wconf 82' lang='grc' dir='ltr'><strong><em>συγγενείᾳ</em></strong></span> <span class='ocrx_word' id='word_1_454' title='bbox 533 4419 719 4518; x_wconf 80' lang='grc' dir='ltr'><strong><em>προςήκει,</em></strong></span> <span class='ocrx_word' id='word_1_455' title='bbox 744 4423 813 4498; x_wconf 81' lang='grc' dir='ltr'>οὐκ</span> <span class='ocrx_word' id='word_1_456' title='bbox 829 4426 984 4522; x_wconf 81' lang='grc' dir='ltr'><strong><em>αἰσχρὸν</em></strong></span> <span class='ocrx_word' id='word_1_457' title='bbox 1002 4425 1156 4524; x_wconf 76' lang='grc' dir='ltr'><strong><em>ἀνθρώ-</em></strong></span> <span class='ocrx_word' id='word_1_458' title='bbox 1421 4414 1435 4425; x_wconf 48' lang='grc'><em>”</em></span> <span class='ocrx_word' id='word_1_459' title='bbox 1771 4415 1780 4436; x_wconf 67' lang='lat'><em>⁰</em></span> 
     </span>
    </p>

    <p class='ocr_par' dir='ltr' id='par_1_20' title="bbox 168 4511 1624 4628">
     <span class='ocr_line' id='line_1_49' title="bbox 168 4511 1624 4628; baseline 0.008 -32"><span class='ocrx_word' id='word_1_460' title='bbox 168 4544 292 4596; x_wconf 89' lang='grc' dir='ltr'><strong><em>ποισιν</em></strong></span> <span class='ocrx_word' id='word_1_461' title='bbox 307 4518 472 4615; x_wconf 84' lang='grc' dir='ltr'><strong><em>ἀλλήλων</em></strong></span> <span class='ocrx_word' id='word_1_462' title='bbox 492 4520 588 4598; x_wconf 88' lang='grc' dir='ltr'>κακά</span> <span class='ocrx_word' id='word_1_463' title='bbox 603 4525 640 4618; x_wconf 86' lang='lat'>¹).</span> <span class='ocrx_word' id='word_1_464' title='bbox 674 4519 834 4618; x_wconf 77' lang='grc' dir='ltr'><strong><em>μάλιστα</em></strong></span> <span class='ocrx_word' id='word_1_465' title='bbox 855 4525 895 4601; x_wconf 80' lang='grc' dir='ltr'>ἀὲ</span> <span class='ocrx_word' id='word_1_466' title='bbox 911 4525 1050 4625; x_wconf 92' lang='grc' dir='ltr'><strong><em>γείτοσι</em></strong></span> <span class='ocrx_word' id='word_1_467' title='bbox 1065 4528 1156 4628; x_wconf 85' lang='grc' dir='ltr'><strong><em>πρὸς</em></strong></span> <span class='ocrx_word' id='word_1_468' title='bbox 1306 4514 1391 4586; x_wconf 71' lang='lat' dir='ltr'>Epist.</span> <span class='ocrx_word' id='word_1_469' title='bbox 1412 4514 1458 4567; x_wconf 77' lang='lat' dir='ltr'>tib.</span> <span class='ocrx_word' id='word_1_470' title='bbox 1473 4511 1507 4563; x_wconf 73' lang='lat' dir='ltr'>V·</span> <span class='ocrx_word' id='word_1_471' title='bbox 1525 4530 1551 4581; x_wconf 64' lang='grc' dir='ltr'>Ρ·</span> <span class='ocrx_word' id='word_1_472' title='bbox 1564 4511 1624 4564; x_wconf 80' lang='lat'><strong>⁷¹⁰·</strong></span> 
     </span>
    </p>

    <p class='ocr_par' dir='ltr' id='par_1_21' title="bbox 168 4618 2195 4931">
     <span class='ocr_line' id='line_1_50' title="bbox 168 4618 1984 4732; baseline 0.008 -35"><span class='ocrx_word' id='word_1_473' title='bbox 168 4620 337 4725; x_wconf 88' lang='grc' dir='ltr'><strong><em>γείτονας</em></strong></span> <span class='ocrx_word' id='word_1_474' title='bbox 368 4618 520 4708; x_wconf 78' lang='grc' dir='ltr'><strong><em>ἀθώους</em></strong></span> <span class='ocrx_word' id='word_1_475' title='bbox 549 4625 795 4723; x_wconf 76' lang='grc' dir='ltr'><strong><em>ἀδικηθέντας</em></strong></span> <span class='ocrx_word' id='word_1_476' title='bbox 824 4627 887 4702; x_wconf 84' lang='grc' dir='ltr'>καὶ</span> <span class='ocrx_word' id='word_1_477' title='bbox 905 4627 1157 4727; x_wconf 77' lang='grc' dir='ltr'><strong><em>ὑβρισθέντας</em></strong></span> <span class='ocrx_word' id='word_1_478' title='bbox 1398 4657 1451 4732; x_wconf 83' lang='grc' dir='ltr'><em>Μ</em></span> <span class='ocrx_word' id='word_1_479' title='bbox 1456 4661 1493 4731; x_wconf 64' lang='lat'>50</span> <span class='ocrx_word' id='word_1_480' title='bbox 1500 4655 1632 4731; x_wconf 59' lang='lat' dir='ltr'>ham·</span> <span class='ocrx_word' id='word_1_481' title='bbox 1655 4657 1871 4731; x_wconf 58' lang='lat' dir='ltr'><em>Megenbu</em></span> <span class='ocrx_word' id='word_1_482' title='bbox 1883 4688 1901 4731; x_wconf 61' lang='lat' dir='ltr'><em>r</em></span> <span class='ocrx_word' id='word_1_483' title='bbox 1942 4662 1984 4732; x_wconf 58' lang='grc' dir='ltr'>ρο</span> 
     </span>
     <span class='ocr_line' id='line_1_51' title="bbox 172 4682 1994 4820; baseline 0.009 -24"><span class='ocrx_word' id='word_1_484' title='bbox 172 4725 335 4820; x_wconf 80' lang='grc' dir='ltr'><strong><em>εὐμενῶς</em></strong></span> <span class='ocrx_word' id='word_1_485' title='bbox 357 4723 451 4816; x_wconf 73' lang='grc' dir='ltr'><strong><em>ἔχειν</em></strong></span> <span class='ocrx_word' id='word_1_486' title='bbox 471 4722 585 4801; x_wconf 88' lang='grc' dir='ltr'><strong><em>καλόν</em></strong></span> <span class='ocrx_word' id='word_1_487' title='bbox 608 4731 717 4803; x_wconf 82' lang='grc' dir='ltr'><strong><em>ἐστιν.</em></strong></span> <span class='ocrx_word' id='word_1_488' title='bbox 760 4728 983 4814; x_wconf 84' lang='grc' dir='ltr'><strong><em>”Ἁξιοιόὖν</em></strong></span> <span class='ocrx_word' id='word_1_489' title='bbox 1002 4729 1156 4807; x_wconf 81' lang='grc' dir='ltr'><strong><em>ἐπαίνου</em></strong></span> <span class='ocrx_word' id='word_1_490' title='bbox 1299 4799 1303 4804; x_wconf 89' lang='grc'><em>,</em></span> <span class='ocrx_word' id='word_1_491' title='bbox 1757 4792 1759 4797; x_wconf 46' lang='lat'>&gt;</span> <span class='ocrx_word' id='word_1_492' title='bbox 1905 4682 1932 4757; x_wconf 60' lang='lat' dir='ltr'><em>g</em></span> <span class='ocrx_word' id='word_1_493' title='bbox 1986 4717 1994 4735; x_wconf 57' lang='lat'><strong><em>⁹</em></strong></span> 
     </span>
     <span class='ocr_line' id='line_1_52' title="bbox 174 4796 2195 4931; baseline 0.007 -29"><span class='ocrx_word' id='word_1_494' title='bbox 174 4823 252 4902; x_wconf 79' lang='grc' dir='ltr'><strong><em>ἐστέ</em></strong></span> <span class='ocrx_word' id='word_1_495' title='bbox 270 4820 317 4900; x_wconf 82' lang='grc' dir='ltr'>σύ</span> <span class='ocrx_word' id='word_1_496' title='bbox 332 4853 371 4897; x_wconf 89' lang='grc' dir='ltr'>τε</span> <span class='ocrx_word' id='word_1_497' title='bbox 393 4822 457 4897; x_wconf 79' lang='grc' dir='ltr'>καὶ</span> <span class='ocrx_word' id='word_1_498' title='bbox 470 4825 506 4896; x_wconf 83' lang='grc' dir='ltr'>οἱ</span> <span class='ocrx_word' id='word_1_499' title='bbox 520 4833 664 4903; x_wconf 84' lang='grc' dir='ltr'><strong><em>πολῖται</em></strong></span> <span class='ocrx_word' id='word_1_500' title='bbox 678 4854 747 4905; x_wconf 95' lang='grc' dir='ltr'>σου</span> <span class='ocrx_word' id='word_1_501' title='bbox 760 4829 1048 4931; x_wconf 82' lang='grc' dir='ltr'><strong><em>παραιτούμενοι</em></strong></span> <span class='ocrx_word' id='word_1_502' title='bbox 1063 4832 1157 4908; x_wconf 82' lang='grc' dir='ltr'><strong><em>ὅπλα</em></strong></span> <span class='ocrx_word' id='word_1_503' title='bbox 1204 4796 1249 4888; x_wconf 80' lang='lat' dir='ltr'>S·</span> <span class='ocrx_word' id='word_1_504' title='bbox 1274 4815 1318 4888; x_wconf 52' lang='lat' dir='ltr'>De</span> <span class='ocrx_word' id='word_1_505' title='bbox 1374 4811 1630 4882; x_wconf 65' lang='lat' dir='ltr'>H⁰¹¹⁰⁵ll⁸⁸lm⁸</span> <span class='ocrx_word' id='word_1_506' title='bbox 1658 4824 1692 4881; x_wconf 63' lang='lat'>⁰²</span> <span class='ocrx_word' id='word_1_507' title='bbox 1721 4805 1924 4881; x_wconf 53' lang='lat' dir='ltr'>‘halssslme</span> <span class='ocrx_word' id='word_1_508' title='bbox 1954 4808 2127 4895; x_wconf 64' lang='lat' dir='ltr'>D⁰¹¹¹l¹¹e’</span> <span class='ocrx_word' id='word_1_509' title='bbox 2159 4825 2195 4883; x_wconf 50' lang='grc' dir='ltr'>εἰ</span> 
     </span>
    </p>
   </div>
   <div class='ocr_carea' id='block_1_13' title="bbox 174 4909 2194 5052">
    <p class='ocr_par' dir='ltr' id='par_1_22' title="bbox 174 4909 2194 5052">
     <span class='ocr_line' id='line_1_53' title="bbox 174 4909 2194 5052; baseline -0.009 -51"><span class='ocrx_word' id='word_1_510' title='bbox 174 4927 300 5026; x_wconf 82' lang='grc' dir='ltr'><strong><em>φέρειν</em></strong></span> <span class='ocrx_word' id='word_1_511' title='bbox 308 4923 402 5001; x_wconf 87' lang='grc' dir='ltr'>κατά</span> <span class='ocrx_word' id='word_1_512' title='bbox 411 4921 589 5052; x_wconf 69' lang='grc' dir='ltr'><strong><em>γερτόνων</em></strong></span> <span class='ocrx_word' id='word_1_513' title='bbox 597 4926 634 5000; x_wconf 86' lang='grc' dir='ltr'>οἱ</span> <span class='ocrx_word' id='word_1_514' title='bbox 643 4928 821 5029; x_wconf 69' lang='grc' dir='ltr'>ὑμετέρας</span> <span class='ocrx_word' id='word_1_515' title='bbox 834 4933 1022 5031; x_wconf 66' lang='grc' dir='ltr'><strong><em>ἐκκλησίας</em></strong></span> <span class='ocrx_word' id='word_1_516' title='bbox 1034 4932 1158 5030; x_wconf 62' lang='grc' dir='ltr'>ἐτίμη.</span> <span class='ocrx_word' id='word_1_517' title='bbox 1204 4918 1326 4989; x_wconf 74' lang='lat' dir='ltr'>amice</span> <span class='ocrx_word' id='word_1_518' title='bbox 1375 4913 1591 4984; x_wconf 90' lang='lat' dir='ltr'>Meministis</span> <span class='ocrx_word' id='word_1_519' title='bbox 1615 4915 1746 4983; x_wconf 92' lang='lat' dir='ltr'>multos</span> <span class='ocrx_word' id='word_1_520' title='bbox 1765 4926 1903 4982; x_wconf 86' lang='lat' dir='ltr'>nostros</span> <span class='ocrx_word' id='word_1_521' title='bbox 1927 4914 1971 4980; x_wconf 92' lang='lat' dir='ltr'>de</span> <span class='ocrx_word' id='word_1_522' title='bbox 1993 4909 2194 5002; x_wconf 87' lang='lat' dir='ltr'>Republica</span> 
     </span>
    </p>
   </div>
   <div class='ocr_carea' id='block_1_14' title="bbox 86 5026 1159 5126">
    <p class='ocr_par' dir='ltr' id='par_1_23' title="bbox 86 5026 1159 5126">
     <span class='ocr_line' id='line_1_54' title="bbox 86 5026 1159 5126; baseline 0.008 -24"><span class='ocrx_word' id='word_1_523' title='bbox 86 5070 95 5085; x_wconf 77' lang='lat'>.</span> <span class='ocrx_word' id='word_1_524' title='bbox 176 5053 247 5105; x_wconf 92' lang='grc' dir='ltr'>σαν</span> <span class='ocrx_word' id='word_1_525' title='bbox 260 5026 323 5103; x_wconf 80' lang='grc' dir='ltr'>καὶ</span> <span class='ocrx_word' id='word_1_526' title='bbox 343 5053 539 5126; x_wconf 84' lang='grc' dir='ltr'><strong><em>προγονων</em></strong></span> <span class='ocrx_word' id='word_1_527' title='bbox 564 5027 695 5126; x_wconf 83' lang='grc' dir='ltr'><strong><em>ἀρειάς</em></strong></span> <span class='ocrx_word' id='word_1_528' title='bbox 714 5035 947 5121; x_wconf 80' lang='grc' dir='ltr'><strong><em>ἐπαινοῦντες</em></strong></span> <span class='ocrx_word' id='word_1_529' title='bbox 970 5036 1159 5113; x_wconf 78' lang='grc' dir='ltr'><strong><em>διατελοῦ-</em></strong></span> 
     </span>
    </p>
   </div>
   <div class='ocr_carea' id='block_1_15' title="bbox 19 5115 2197 5563">
    <p class='ocr_par' dir='ltr' id='par_1_24' title="bbox 107 5115 2194 5246">
     <span class='ocr_line' id='line_1_55' title="bbox 107 5115 2194 5246; baseline -0.004 -40"><span class='ocrx_word' id='word_1_530' title='bbox 107 5137 108 5140; x_wconf 67' lang='grc'>’</span> <span class='ocrx_word' id='word_1_531' title='bbox 176 5155 246 5207; x_wconf 91' lang='grc' dir='ltr'>σιν.</span> <span class='ocrx_word' id='word_1_532' title='bbox 273 5127 396 5230; x_wconf 80' lang='grc' dir='ltr'><strong><em>’Ἓγιά</em></strong></span> <span class='ocrx_word' id='word_1_533' title='bbox 411 5125 453 5204; x_wconf 80' lang='grc' dir='ltr'>ἀί</span> <span class='ocrx_word' id='word_1_534' title='bbox 470 5125 530 5203; x_wconf 91' lang='grc' dir='ltr'>σοί</span> <span class='ocrx_word' id='word_1_535' title='bbox 548 5157 588 5203; x_wconf 83' lang='grc' dir='ltr'>τε</span> <span class='ocrx_word' id='word_1_536' title='bbox 607 5130 670 5204; x_wconf 80' lang='grc' dir='ltr'>καί</span> <span class='ocrx_word' id='word_1_537' title='bbox 685 5139 762 5218; x_wconf 82' lang='grc' dir='ltr'><strong><em>τοῖς</em></strong></span> <span class='ocrx_word' id='word_1_538' title='bbox 776 5136 939 5222; x_wconf 86' lang='grc' dir='ltr'><strong><em>πολίταις</em></strong></span> <span class='ocrx_word' id='word_1_539' title='bbox 951 5164 1020 5214; x_wconf 91' lang='grc' dir='ltr'>σου</span> <span class='ocrx_word' id='word_1_540' title='bbox 1033 5141 1159 5221; x_wconf 74' lang='grc' dir='ltr'><strong><em>καλοῖς</em></strong></span> <span class='ocrx_word' id='word_1_541' title='bbox 1239 5121 1398 5246; x_wconf 50' lang='lat' dir='ltr'>²l3n‘⁸³⁰g‘¹;</span> <span class='ocrx_word' id='word_1_542' title='bbox 1413 5123 1510 5245; x_wconf 35' lang='grc' dir='ltr'>(ᾖξ’</span> <span class='ocrx_word' id='word_1_543' title='bbox 1523 5121 1550 5176; x_wconf 70' lang='lat' dir='ltr'>l·</span> <span class='ocrx_word' id='word_1_544' title='bbox 1565 5120 1624 5176; x_wconf 73' lang='lat'>⁵⁴⁴·</span> <span class='ocrx_word' id='word_1_545' title='bbox 1643 5128 1723 5189; x_wconf 59' lang='lat' dir='ltr'>&#39;&#39;lt“</span> <span class='ocrx_word' id='word_1_546' title='bbox 1741 5117 1825 5181; x_wconf 62' lang='lat'>“⁶²⁶⁶</span> <span class='ocrx_word' id='word_1_547' title='bbox 1842 5124 1955 5190; x_wconf 63' lang='lat' dir='ltr'>poor,</span> <span class='ocrx_word' id='word_1_548' title='bbox 1980 5115 2099 5174; x_wconf 61' lang='lat' dir='ltr'>3⁶⁶⁰lt&#39;</span> <span class='ocrx_word' id='word_1_549' title='bbox 2117 5117 2194 5190; x_wconf 76' lang='lat' dir='ltr'>‹tya-</span> 
     </span>
    </p>

    <p class='ocr_par' dir='ltr' id='par_1_25' title="bbox 712 5209 2197 5361">
     <span class='ocr_line' id='line_1_56' title="bbox 712 5209 2197 5361; baseline -0.011 -21"><span class='ocrx_word' id='word_1_550' title='bbox 712 5356 714 5361; x_wconf 15' lang='lat' dir='ltr'>y</span> <span class='ocrx_word' id='word_1_551' title='bbox 1033 5312 1039 5347; x_wconf 84' lang='lat' dir='ltr'>t</span> <span class='ocrx_word' id='word_1_552' title='bbox 1239 5279 1272 5348; x_wconf 79' lang='grc'>*)</span> <span class='ocrx_word' id='word_1_553' title='bbox 1290 5210 1456 5361; x_wconf 59' lang='lat' dir='ltr'>hiriiniilian</span> <span class='ocrx_word' id='word_1_554' title='bbox 1473 5209 1597 5356; x_wconf 56' lang='lat' dir='ltr'>aoliurep</span> <span class='ocrx_word' id='word_1_555' title='bbox 1616 5273 1667 5326; x_wconf 85' lang='lat' dir='ltr'>dur</span> <span class='ocrx_word' id='word_1_556' title='bbox 1683 5271 1839 5354; x_wconf 26' lang='lat' dir='ltr'>caesa-renni</span> <span class='ocrx_word' id='word_1_557' title='bbox 1860 5273 1993 5325; x_wconf 80' lang='lat' dir='ltr'>exercitus</span> <span class='ocrx_word' id='word_1_558' title='bbox 2012 5239 2075 5325; x_wconf 82' lang='lat' dir='ltr'>curn</span> <span class='ocrx_word' id='word_1_559' title='bbox 2099 5270 2197 5338; x_wconf 79' lang='grc' dir='ltr'><strong>10,ωο</strong></span> 
     </span>
    </p>

    <p class='ocr_par' dir='ltr' id='par_1_26' title="bbox 19 5341 2196 5563">
     <span class='ocr_line' id='line_1_57' title="bbox 19 5341 2196 5506; baseline -0.005 -35"><span class='ocrx_word' id='word_1_560' title='bbox 19 5393 27 5400; x_wconf 38' lang='grc'><strong>’</strong></span> <span class='ocrx_word' id='word_1_561' title='bbox 110 5388 113 5391; x_wconf 23' lang='lat'><em>¹</em></span> <span class='ocrx_word' id='word_1_562' title='bbox 211 5416 243 5484; x_wconf 86' lang='lat'>1)</span> <span class='ocrx_word' id='word_1_563' title='bbox 260 5416 310 5472; x_wconf 76' lang='lat' dir='ltr'>Eat</span> <span class='ocrx_word' id='word_1_564' title='bbox 328 5435 418 5472; x_wconf 77' lang='lat' dir='ltr'>versus</span> <span class='ocrx_word' id='word_1_565' title='bbox 437 5417 532 5490; x_wconf 76' lang='lat' dir='ltr'>Eurip.</span> <span class='ocrx_word' id='word_1_566' title='bbox 554 5438 585 5474; x_wconf 78' lang='lat' dir='ltr'>er</span> <span class='ocrx_word' id='word_1_567' title='bbox 603 5408 765 5506; x_wconf 84' lang='lat' dir='ltr'>llippolyto,</span> <span class='ocrx_word' id='word_1_568' title='bbox 785 5436 853 5473; x_wconf 78' lang='lat' dir='ltr'>verr.</span> <span class='ocrx_word' id='word_1_569' title='bbox 866 5417 926 5472; x_wconf 80' lang='lat'><strong>769.</strong></span> <span class='ocrx_word' id='word_1_570' title='bbox 948 5417 1031 5483; x_wconf 80' lang='lat' dir='ltr'>(verr.</span> <span class='ocrx_word' id='word_1_571' title='bbox 1044 5418 1105 5473; x_wconf 84' lang='grc'>791.</span> <span class='ocrx_word' id='word_1_572' title='bbox 1118 5417 1160 5472; x_wconf 83' lang='lat' dir='ltr'>ed.</span> <span class='ocrx_word' id='word_1_573' title='bbox 1276 5341 2109 5493; x_wconf 41' lang='grc' dir='ltr'>1111ῗάἀῖΘάἀιοηάἀάίᾞιάιάιάιΒάιιιεάξοάἱὶἀὶωάἀεωῃάἀῗάεδάἀι</span> <span class='ocrx_word' id='word_1_574' title='bbox 2128 5348 2196 5464; x_wconf 51' lang='lat' dir='ltr'>cilia,</span> 
     </span>
     <span class='ocr_line' id='line_1_58' title="bbox 243 5478 2150 5563; baseline -0.006 -22"><span class='ocrx_word' id='word_1_575' title='bbox 243 5486 348 5557; x_wconf 80' lang='lat' dir='ltr'>Herm.)</span> <span class='ocrx_word' id='word_1_576' title='bbox 364 5490 393 5541; x_wconf 80' lang='lat' dir='ltr'>rt</span> <span class='ocrx_word' id='word_1_577' title='bbox 403 5483 431 5540; x_wconf 82' lang='lat' dir='ltr'>d&#39;</span> <span class='ocrx_word' id='word_1_578' title='bbox 442 5484 560 5563; x_wconf 71' lang='grc' dir='ltr'><strong><em>αἰσχρόν</em></strong></span> <span class='ocrx_word' id='word_1_579' title='bbox 572 5480 898 5560; x_wconf 59' lang='lat' dir='ltr'>&amp;reconpensatio</span> <span class='ocrx_word' id='word_1_580' title='bbox 909 5481 997 5551; x_wconf 76' lang='grc' dir='ltr'><strong><em>κακιίς</em></strong></span> <span class='ocrx_word' id='word_1_581' title='bbox 1277 5504 1342 5543; x_wconf 82' lang='lat' dir='ltr'>curn</span> <span class='ocrx_word' id='word_1_582' title='bbox 1357 5483 1468 5540; x_wconf 67' lang='lat' dir='ltr'>&amp;aare</span> <span class='ocrx_word' id='word_1_583' title='bbox 1480 5478 1642 5536; x_wconf 78' lang='lat' dir='ltr'>Ratrsbooae</span> <span class='ocrx_word' id='word_1_584' title='bbox 1655 5488 1802 5535; x_wconf 74' lang='lat' dir='ltr'>conruunt.</span> <span class='ocrx_word' id='word_1_585' title='bbox 2144 5479 2150 5492; x_wconf 91' lang='grc'><strong>“</strong></span> 
     </span>
    </p>
   </div>
   <div class='ocr_carea' id='block_1_16' title="bbox 0 0 2383 6020">
    <p class='ocr_par' dir='ltr' id='par_1_27' title="bbox 0 0 2383 6020">
     <span class='ocr_line' id='line_1_59' title="bbox 0 0 2383 6020; baseline 0 0"><span class='ocrx_word' id='word_1_586' title='bbox 0 0 2383 6020; x_wconf 95' lang='lat' dir='ltr'> </span> 
     </span>
    </p>
   </div>
  </div>
 </body>
</html>
