4748 6022
160 343 235 457 ua
738 328 1171 439 artsronaauu
1219 330 1325 415 uta.
1350 334 1416 433 xx
1438 335 1599 436 „sata
2138 344 2222 421 rra

165 516 325 609 ipstnon
348 512 468 603 serlum¹
478 503 698 599 perspicitis,
721 504 910 608 sedetiam
932 527 1059 595 magua
1083 504 1152 574 fide
1203 507 1482 589 amantissimum
1501 533 1574 581 esse
1593 514 1666 598 tui,
1699 527 1734 586 et
1755 516 1925 606 iustitiam
1949 519 1989 587 in
2012 519 2223 591 referenda

155 603 366 709 Jprae'statis,
404 633 450 701 ne
458 608 505 706 ¹ei
521 602 612 678 desit
631 630 737 699 opera
750 622 872 691 ,vestra
895 607 934 675 in
956 605 1153 705 praecipuis
1203 608 1315 697 gratia
1331 609 1469 692 colere.
1509 609 1578 681 Hic
1603 615 1725 704 auriga
1745 640 1849 708 apros
1869 613 2013 702 avehet‚
2036 643 2161 709 quos,
2187 622 2221 690 si

166 719 289 796 rebus,
316 706 703 797 adiuvatisrelli'gionis
725 708 1034 793 constitutionem,
1059 706 1154 799 pacis
1204 709 1274 777 mei
1289 725 1420 795 essent,
1441 710 1513 781 tihi
1528 714 1778 808 relinquerem.
1828 718 1898 789 Sed
1915 721 1958 787 de
1981 719 2113 790 alieno
2140 746 2218 799 non

165 804 488 895 conservationem,
521 804 556 881 et
584 809 741 892 excitatis
767 810 895 882 studia.
953 805 1050 879 Haec
1072 821 1155 907 sunt
1204 824 1256 879 est
1270 811 1501 903 largiendum.
1553 812 1691 903 Quaeso
1708 819 1825 899 etiam,
1841 818 2220 894 utliteraslllustris-

164 918 285 1008 magni
309 915 379 984 viri
403 914 441 981 in
463 911 645 1001 republica
665 911 836 982 versantis
865 911 1050 1002 praecipua
1075 935 1154 979 mu·

165 1043 269 1102 nera,
295 1030 330 1085 et
343 1015 540 1107 Deo*grata.
592 1008 682 1081 Cum
705 1011 813 1100 igitur
835 1012 1010 1081 studiosos
1033 1012 1155 1101 singu-

163 1120 235 1190 lari
251 1112 495 1188 benevolentia
511 1112 809 1202 complectamini,
840 1112 929 1184 sicut
944 1113 1017 1202 ipse
1032 1136 1155 1202 exper-

166 1233 224 1291 tus
239 1243 336 1301 sarm,
362 1216 429 1285 erit
450 1209 681 1283 humanitatis
702 1227 854 1296 vestrae,
881 1237 956 1283 non
972 1212 1155 1301 defatigari

166 1319 331 1393 iuvandis
369 1316 474 1386 bonis
507 1314 684 1403 ingeniis..
748 1303 897 1410 Cuspar
934 1307 1155 1386 therstat

164 1435 338 1516 quantum
363 1419 478 1488 valeat
496 1430 530 1487 et
552 1414 718 1485 facundia
733 1408 791 1508 *)‚
820 1439 883 1484 vos
907 1416 1038 1505 optime
1059 1415 1156 1483 iudx-

165 1547 246 1593 care
262 1520 418 1615 potestis.
461 1514 539 1607 Ego
554 1516 699 1610 quidem
714 1528 749 1584 rt
765 1516 899 1604 ingenii
914 1517 1154 1586 dexteritatem

166 1640 202 1694 et
220 1643 337 1695 mores
354 1645 394 1689 ac
410 1619 643 1690 constantiam
658 1616 696 1684 in
713 1616 758 1685 iis
776 1620 898 1698 rebus,
924 1633 1010 1710 quas
1037 1640 1151 1686 susce-

165 1724 241 1817 pit,
271 1723 396 1815 probo.
447 1717 555 1810 Cupit
577 1731 691 1788 autem
717 1720 832 1789 redire
853 1719 898 1788 ad
915 1715 1154 1803 Academiam,

165 1847 317 1918 cumque
338 1821 407 1889 iam
431 1819 522 1889 desit
545 1821 655 1889 lector
674 1819 937 1891 institutionum
961 1819 999 1887 in
1017 1817 1155 1889 Acade-

166 1929 237 1995 mia
267 1922 584 2000 Francofordiana,
624 1935 720 2005 orat,
758 1922 826 1990 sibi
862 1945 938 1990 eam
968 1921 1155 1991 lectionem

164 2024 350 2096 committi.
387 2020 469 2093 Scio
487 2022 587 2091 brevi
604 2022 758 2092 futuram
772 2021 1048 2115 frequentiorem
1063 2017 1154 2092 tica-

164 2127 336 2211 demiam,
361 2147 399 2194 ea
415 2123 566 2207 lectione
583 2123 783 2196 constituta.
833 2121 882 2193 Et
900 2118 957 2192 hic
979 2124 1047 2191 erit
1069 2122 1155 2191 assi-

164 2231 269 2301 duus.
319 2221 386 2296 Est
400 2224 495 2294 enim
510 2224 642 2294 laboris
657 2223 810 2315 patiens,
835 2240 869 2294 et
883 2248 1005 2294 amans
1019 2224 1156 2294 studio-

164 2354 266 2409 rum,
301 2341 335 2397 et
359 2325 488 2418 poterit
508 2325 694 2417 proficere,
734 2338 774 2394 ut
792 2327 873 2395 usui
896 2325 942 2395 sit
962 2324 1154 2418 aliquando
1279 2408 1282 2412 Δ

165 2431 204 2499 iu
222 2429 299 2498 aliis
314 2428 480 2518 negociis.
531 2424 634 2514 Rogo
655 2426 780 2514 igitur,
807 2427 902 2495 utin
924 2420 989 2495 hac
1011 2450 1048 2495 re
1075 2450 1154 2495 eum

165 2529 353 2602 adiuvetis.
404 2526 515 2620 Spero
533 2549 597 2595 vos
612 2528 743 2616 optime
758 2527 991 2597 collocaturos
1009 2521 1077 2597 hoc
1092 2528 1156 2596 be-

166 2632 345 2703 neficium.
378 2626 469 2698 Nam
484 2651 589 2718 opera
606 2621 778 2722 Gaspari
788 2628 972 2719 profutura
987 2641 1038 2699 est
1053 2622 1156 2697 scho-

165 2735 224 2804 lae
237 2748 272 2803 et
292 2729 523 2824 reipublicae,
549 2739 583 2797 et
603 2751 743 2797 necesse
764 2743 834 2814 est,
858 2730 993 2814 anniti,
1018 2742 1058 2799 ut
1080 2743 1156 2798 stu-

167 2837 225 2904 dia
238 2843 502 2918 conserventur.
552 2825 648 2898 Haec
661 2829 785 2919 scripsi
801 2831 954 2920 simplici
976 2830 1095 2898 animo
1112 2831 1155 2898 ad

166 2961 250 3018 vos,
281 2958 321 3003 ac
354 2955 458 3021 rogo,
491 2944 532 3002 ut
562 2954 658 3000 meas
688 2931 806 3001 literas
840 2931 928 3002 boni
954 2930 1157 3004 consulatis.

167 3038 203 3109 8.
219 3034 359 3106 Ianuar.
380 3030 490 3110 1548.

468 3608 618 3693 Marco
647 3608 859 3696 Crudelio.

236 3783 323 3857 apta.
340 3782 387 3837 aa.
399 3785 435 3838 v.
452 3799 479 3853 ρ.
489 3779 542 3837 saa
552 3798 594 3852 sq.

230 3934 395 4010 Marco
421 3930 457 4010 C
463 3931 657 4018 rodelio,
680 3936 907 4031 gubernanti
925 3934 1103 4013 Sadalam

515 4033 811 4132 Targaeiensem.

1205 911 1284 979 simi
1301 909 1477 1002 Principis
1496 911 1574 988 aD.
1590 915 1787 989 Secretario
1810 935 1926 1011 petas,
1952 935 1989 992 ct
2014 923 2133 993 nohis
2155 949 2219 1016 per

1206 1006 1390 1082 homiuem
1406 1014 1546 1088 fidelem
1563 1018 1692 1093 mittas.

1306 1142 1361 1215 De
1376 1139 1606 1231 Bremselia,
1631 1114 1780 1242 ipuaeso,
1803 1152 1982 1242 interroga
1998 1151 2214 1243 Consulem,

1205 1270 1250 1315 an
1266 1246 1453 1337 pecuniam
1467 1261 1649 1339 acceptura
1667 1250 1723 1325 sit.
1773 1250 1923 1323 Librum
1943 1269 1980 1324 et
2005 1256 2125 1326 literas
2149 1262 2211 1330 in-

1126 1415 1135 1431 ,
1206 1348 1351 1438 scriptas
1367 1350 1444 1417 viro
1459 1349 1594 1435 nobili,
1619 1353 1812 1442 praestanti
1831 1356 1961 1425 virtute
1979 1369 2019 1425 et
2032 1360 2207 1431 eruditio-

1205 1472 1269 1527 ne,
1296 1447 1451 1518 Domino
1472 1446 1638 1521 Erasmo
1653 1476 1678 1520 a
1695 1447 1904 1525 Mincltwiz
1929 1458 2055 1526 tradas
2068 1461 2102 1526 ei
2114 1461 2199 1551 ipse,

1206 1561 1240 1618 et
1262 1548 1371 1639 petito
1392 1573 1612 1642 responsum.
1663 1552 1760 1624 Bene
1781 1556 1871 1629 vale.
1921 1555 1995 1627 Die
2020 1557 2058 1632 9.
2074 1558 2198 1633 lanua·

1206 1649 1250 1720 rii
1271 1648 1383 1722 1548.

1898 1754 2114 1853 Philippus.

1229 1974 2219 2005 mmm

1206 2132 1272 2208 No.
1289 2134 1401 2210 4118.

1214 2230 1386 2261 m

1961 2226 1963 2230 ,
2087 2162 2125 2224 9.
2140 2153 2203 2220 len.

1619 2324 1787 2413 Eidem.
2070 2245 2213 2276 Μ

1293 2481 1379 2554 Epist.
1397 2482 1446 2540 lib.
1465 2482 1500 2535 V.
1518 2501 1545 2555 p.
1565 2483 1617 2538 383
1635 2505 1676 2557 sq.

1487 2637 1651 2712 Marco
1684 2634 1923 2716 Crudelio.

1206 2765 1248 2855 S.
1280 2780 1325 2855 Ι).
1388 2781 1602 2856 Charissime
1632 2786 1784 2862 Marce.¹
1838 2789 1947 2863 Mitto
1983 2797 2034 2865 ad
2064 2809 2099 2867 te
2135 2801 2209 2870 duo

1208 2888 1421 2978 exemplaria
1462 2890 1695 2975 Dialectices,
1745 2915 1896 2983 quorum
1938 2895 2101 2989 alterum
2144 2903 2209 2971 tibi

1209 2990 1324 3071 dono,
1372 2990 1521 3058 alterum
1562 2992 1664 3060 dabis
1704 2991 1781 3059 viro
1824 2994 1958 3080 nobili,
2015 2986 2208 3089 praestanti

1208 3089 1339 3159 virtute
1388 3102 1423 3159 et
1470 3092 1669 3161 eruditione
1706 3089 1872 3162 Erosmo
1915 3119 1941 3164 a
1985 3094 2207 3189 ll1incluviz,

1209 3214 1334 3284 quem,
1383 3191 1448 3258 etsi
1483 3193 1550 3261 alia
1591 3194 1624 3261 ei
1664 3195 1785 3279 mitto,
1836 3195 1947 3284 magis
1988 3206 2205 3274 convenien-

1209 3292 1259 3361 tia
1282 3291 1392 3382 ipsius
1417 3304 1450 3360 et
1472 3293 1577 3363 aetati
1597 3306 1632 3364 et
1653 3295 1852 3381 autoritati,
1885 3309 2010 3370 tamen
2035 3303 2203 3398 inspicere

1152 3471 1158 3484 ,
1209 3387 1296 3461 baec
1312 3392 1481 3462 elementa
1503 3394 1627 3474 velim,
1653 3409 1696 3466 ut
1718 3398 1868 3482 iudicet,
1900 3423 1949 3468 an
1974 3418 2078 3476 recte
2105 3407 2197 3477 facia-

1209 3516 1288 3562 mus
1319 3494 1492 3573 officium,
1525 3518 1606 3564 cum
1636 3497 1718 3566 talia
1742 3499 1977 3590 proponimus
2000 3507 2197 3578 adolescen-

1208 3595 1290 3678 tiae,
1315 3608 1350 3665 et
1366 3616 1411 3663 an
1426 3618 1507 3663 vere
1522 3620 1588 3665 nos
1602 3611 1781 3683 accusent,
1807 3599 1869 3694 qui
1884 3600 2035 3693 dicunt,
2059 3633 2129 3680 nos
2143 3611 2200 3680 ab·

1208 3695 1329 3763 iecisse
1346 3697 1600 3767 confessionem
1615 3700 1807 3786 doctrinae,
1832 3725 1911 3770 cum
1931 3698 2027 3776 baec
2042 3709 2121 3802 ipsa
2138 3712 2200 3782 ele-

1209 3809 1325 3863 menta
1345 3798 1531 3867 ostendant
1549 3800 1592 3866 de
1615 3801 1736 3870 multis
1757 3803 1932 3888 materiis,
1957 3809 2054 3898 quid
2077 3813 2199 3883 sentia-

1208 3918 1305 3977 mus,
1342 3909 1376 3966 et
1399 3897 1443 3970 ad
1464 3891 1531 3967 hoc
1551 3901 1680 3991 scripta
1707 3903 1798 3992 siut,
1831 3917 1871 3974 ut
1890 3905 2056 3982 forment
2076 3913 2199 3983 iudicia

1207 3994 1408 4082 iuniorum,
1433 4001 1523 4069 etad
1540 4001 1831 4076 diiudicatiouem
1845 4029 1965 4075 veram
1981 4032 2112 4083 rerum
2128 4037 2198 4105 gra-

1207 4096 1429 4169 vissimarum
1444 4119 1653 4194 praeparent
1669 4119 1804 4174 teneras
1821 4120 1966 4181 mentes.
1996 4109 2102 4186 Bene
2119 4116 2199 4188 vale.

167 4170 215 4261 S·
241 4188 287 4261 D.
337 4186 610 4259 Vetustasrecte
626 4187 676 4257 sic
692 4188 811 4259 sensit.
861 4186 976 4258 Deum
993 4184 1070 4262 iu'ra
1092 4186 1159 4267 ho·
1205 4195 1321 4274 Dies.
1339 4197 1414 4273 Ian.
1436 4198 1544 4276 1548.

159 4291 356 4382 ,opitiorum
387 4290 559 4374 sanxisse,
598 4313 637 4359 ac
670 4289 761 4358 velle
790 4290 957 4382 utrinque
986 4293 1156 4365 iustitiam

168 4392 321 4461 exerceri
335 4393 380 4460 ab
395 4391 458 4472 iis,
485 4391 548 4484 qui
562 4391 766 4483 peregrinos
786 4390 984 4481 excipiunt,
1011 4408 1046 4465 et
1060 4419 1079 4463 a
1095 4420 1156 4488 pe·
1266 4448 1269 4455 .

167 4492 320 4581 regrinis
338 4492 434 4581 ipsis.
467 4491 558 4563 Cum
575 4505 692 4562 autem
709 4487 798 4559 mihi
816 4505 849 4561 et
866 4493 1056 4565 comitibus
1069 4497 1157 4566 meis

168 4591 272 4664 toties
305 4593 375 4660 iam
410 4594 509 4661 domi
543 4608 621 4665 tuae
654 4593 858 4684 praebueris
891 4586 1157 4683 hospitium'et

167 4694 287 4765 omnia
304 4692 409 4762 nobis
431 4694 543 4762 officia
564 4695 813 4785 praestiteris,·
826 4693 980 4762 vicissim
996 4720 1061 4766 nos
1078 4722 1157 4788 gra·

169 4797 286 4867 titudo
312 4797 422 4867 decet.
482 4791 598 4863 Deum
620 4809 735 4865 autem
759 4821 843 4876 oro,
884 4810 1065 4867 aeteruum
1089 4798 1156 4868 Pa·
1247 4875 1250 4879 ἵ

168 4912 259 4968 trem
272 4895 421 4967 Domini
445 4895 556 4966 nostri
573 4893 654 4966 lesu
669 4891 822 4982 Christi,
855 4908 890 4965 te
914 4911 949 4968 et
970 4893 1155 4975 ltonestiss.

110 5042 121 5061 ι
170 5000 354 5087 coniugem
371 5013 466 5068 tuam
481 5011 515 5067 et
531 4997 671 5067 dulciss.
687 4999 816 5068 liberos
831 5010 1003 5090 protegat,
1036 5015 1069 5072 et
1092 5030 1155 5075 vo-

168 5102 225 5170 bis
246 5100 452 5174 benefaciat.
501 5093 599 5187 Ego,
626 5100 655 5168 si
678 5125 747 5192 quo
769 5101 885 5171 officio
902 5102 1153 5187 gratitudinem

169 5202 348 5273 declarare
368 5216 512 5293 potero,
532 5200 734 5296 perficiam,
757 5215 798 5273 ut
820 5201 1014 5293 intelligas,
1039 5230 1095 5275 me
1121 5220 1155 5277 et

169 5388 394 5399 h---—-

197 5487 229 5556 *J
249 5485 362 5544 Videtur
373 5488 417 5542 bic
431 5486 533 5561 aliquid
546 5484 689 5558 excidisse,
706 5495 752 5542 ut:
769 5493 796 5540 et
807 5488 951 5556 domna,
971 5486 1013 5544 vel
1021 5486 1119 5546 unite.

1717 4317 1904 4417 Philippus
1922 4324 2159 4405 Melanthon.

1309 4467 1403 4540 Filio
1419 4470 1575 4554 mittam,
1600 4467 1677 4541 Deo
1701 4473 1861 4560 iuvante,
1887 4477 2107 4555 nitidiorem
2131 4484 2197 4554 edi-

1370 4569 1515 4643 tionem.

1213 4790 2195 4821 mmm—m

2041 4991 2100 5053 10.
2118 4981 2181 5047 Iso.

2021 5072 2196 5106 w

1436 5155 1488 5243 G.
1508 5162 1652 5244 Maior
1669 5163 1730 5246 ad
1743 5165 1779 5246 I.
1797 5166 1961 5250 Ionam.

1272 5351 1341 5424 †ttx
1364 5350 1532 5434 autographo
1546 5353 1667 5436 ‘Maioris'
1688 5353 1717 5435 ip
1731 5354 1799 5409 Vol.
1820 5355 1904 5426 Epist.
1923 5358 2039 5419 Meiuiu
2060 5406 2069 5422 .
2095 5387 2138 5440 ep.
2158 5371 2198 5425 81.

1306 5421 1409 5474 luserat
1423 5420 1493 5476 hauc
1511 5432 1604 5491 epist,
1622 5442 1683 5495 qum
1702 5422 1818 5479 illustrat
1835 5445 1882 5490 ea,
1901 5446 1971 5498 quse
1984 5383 2156 5494 Meiantltou
2169 5441 2200 5494 de

1307 5490 1376 5542 Iona
1393 5488 1445 5545 boc
1464 5500 1586 5563 tempore
1596 5492 1712 5563 scripsit.
