4748 6022
162 286 239 361 687
743 267 1178 349 EPISTOLARUM
1226 271 1332 347 atu
1365 272 1412 351 X.
1465 270 1594 351 1647.
1719 278 1722 285 ’
2152 272 2223 351 ott

160 454 355 537 Electoris,
387 450 444 520 rel
467 448 517 517 in
538 443 668 516 vicinia
689 438 897 515 commodus
917 441 1051 535 potuit,
1083 464 1156 536 quo
1210 445 1249 515 in
1265 442 1464 515 dialectices
1477 444 1630 538 epitome
1644 441 1878 529 absolvenda,
1901 468 2014 537 quam
2030 466 2222 537 speramus

162 572 280 631 totum
311 574 438 643 corpus
468 548 680 620 Academiae
708 547 968 615 transferretur.
1034 540 1157 635 ltaque
1210 545 1344 614 editum
1360 544 1405 612 iri
1420 545 1513 615 intra
1526 567 1696 614 mensem.
1722 542 1855 615 Scribit
1868 547 1962 614 enim
1977 570 2066 615 eum
2083 548 2220 621 librum

165 656 332 733 dominus
348 645 548 747 Philippus
571 646 610 716 in
630 647 800 737 oppidum
818 646 976 713 vicinum
990 638 1160 713 Anltalti-
1209 658 1370 715 arctarate
1393 661 1428 717 et
1441 646 1647 735 diligenter,
1673 644 1822 713 mirifice
1836 647 2074 737 profuturum
2090 652 2220 723 studiis

165 780 294 831 norum
321 751 524 844 principum
550 743 759 817 Zerbeslam
790 769 825 813 se
856 745 1018 814 contulit.
1085 738 1160 812 Alii
1212 746 1416 816 iuventutis.

166 859 382 954 professores
420 849 722 941 Magdeburgum,
763 846 826 914 alii
865 844 1161 931 Brandeburgum
1318 844 1361 914 ln
1390 858 1566 915 conventu
1582 843 1780 936 Lipsiensi,
1813 846 1858 915 de
1886 869 1957 938 qno
1976 846 2079 936 dixi,
2113 850 2217 923 etiarn

168 962 371 1048 elegerunt,
400 952 463 1023 ubi
490 952 676 1020 latitarunt
696 948 740 1016 ad
764 945 801 1014 id
824 959 980 1037 tempus,
1011 967 1082 1036 qno
1104 966 1162 1011 ca·
1213 948 1398 1037 petebatur
1411 944 1540 1016 aDuce
1555 938 1747 1015 Mauritio
1763 940 1904 1017 scholae
1921 944 2217 1040 Witebergemis

168 1074 251 1153 ptus
265 1054 409 1126 Elector
422 1051 616 1123 Saronicus
640 1047 829 1116 nunciatus
851 1058 913 1120 est.
965 1043 1027 1115 Me
1045 1056 1163 1113 antem
1215 1047 1411 1129 restitutio,
1438 1048 1547 1138 quiet
1561 1060 1636 1116 tum
1651 1045 1780 1130 statim,
1804 1058 1837 1115 et
1853 1040 2003 1136 posthac
2019 1048 2215 1127 Witebcr-

170 1176 247 1232 tum
271 1155 393 1239 initio,
423 1176 504 1221 cum
524 1152 604 1220 aliis
619 1148 738 1237 egredi
754 1149 842 1217 urbe
858 1145 1017 1217 etvitare
1035 1144 1164 1236 strepi·
1215 1169 1278 1235 gae
1302 1170 1421 1216 coram
1443 1147 1570 1237 amplis
1592 1145 1709 1216 verbis
1732 1146 1913 1237 promisit,
1939 1170 1979 1216 se
2006 1175 2088 1221 non
2111 1160 2213 1228 modo

171 1275 250 1331 tnm
274 1255 428 1325 militum
450 1253 668 1344 cupientem,
694 1251 840 1318 morbus
862 1246 965 1315 lilioli
987 1245 1165 1336 periculo·
1217 1248 1477 1328 laboraturum,
1501 1260 1542 1316 nt
1555 1260 1772 1317 restauretur
1781 1247 1827 1315 ad
1845 1248 2037 1339 pristinam
2051 1254 2216 1347 formam,

174 1382 234 1431 sus
255 1356 403 1426 retinuit
423 1354 462 1421 in
479 1355 631 1443 oppido,
667 1350 728 1419 ubi
744 1372 829 1419 sane
842 1348 1064 1417 difficultates
1079 1345 1165 1414 tales
1217 1372 1340 1417 verum
1363 1348 1467 1416 etiam
1489 1346 1732 1440 quaesiturum
1754 1347 1862 1430 vires,
1895 1349 2032 1441 quibus
2054 1355 2213 1450 locupie-

175 1458 323 1552 pertuli,
351 1476 441 1548 quae
454 1454 637 1544 inexperto
653 1448 905 1540 gravesrideri
922 1459 1076 1538 possent,
1104 1445 1165 1512 sed
1218 1449 1285 1517 tari
1310 1461 1343 1517 et
1357 1449 1476 1537 augeri
1491 1448 1600 1539 possit
1613 1448 1789 1519 academia
1807 1444 2104 1541 Witebergensis.
2154 1452 2213 1531 Ea

176 1560 323 1629 collatae
338 1558 383 1624 ad
398 1578 473 1639 eas,
498 1576 587 1646 qnae
602 1563 738 1621 secutae
755 1564 855 1633 sunt,
874 1550 982 1617 ludus
999 1548 1167 1639 iocusque
1218 1572 1295 1639 spes
1311 1549 1481 1618 sollicitos
1495 1543 1621 1619 habuit
1635 1549 1797 1617 omniurn
1810 1550 2055 1637 professorum
2073 1559 2211 1632 animos

178 1659 249 1730 dici
264 1667 438 1750 poterant.
486 1652 578 1723 Nam
595 1651 761 1720 nunciata
778 1664 891 1738 strage
906 1649 1078 1718 exercitus
1099 1670 1168 1715 no·
1218 1674 1293 1720 non
1311 1650 1506 1719 volentium
1523 1644 1615 1718 hanc
1630 1644 1787 1717 scholam
1801 1649 1983 1733 deserere,
2011 1655 2051 1723 iu
2069 1681 2139 1749 qna
2150 1662 2212 1731 tux

178 1759 241 1831 stri
266 1772 300 1827 et
322 1767 505 1845 conspecta
524 1752 722 1822 tristissima
738 1752 851 1843 specie
870 1749 1111 1818 advolantium
1127 1770 1167 1815 ex
1220 1751 1400 1820 doctrinae
1428 1750 1585 1819 coelestis
1616 1749 1799 1841 splendere
1827 1752 1982 1841 primum
2013 1751 2212 1849 coepit‚²et

175 1864 279 1950 fuga,
304 1855 459 1947 denique
476 1854 643 1922 nunciata
658 1852 853 1921 calamitate
866 1848 1040 1919 Electoris
1057 1848 1168 1937 capti·
1218 1854 1333 1919 bonae
1355 1863 1447 1920 artes
1462 1846 1638 1918 Ecclesiae
1660 1851 1871 1919 necessariae
1891 1875 2026 1941 magno
2043 1883 2128 1928 cum
2143 1862 2211 1932 ina.

177 1961 232 2045 vi,
263 1958 384 2027 nullus
407 1955 458 2024 ibi
480 1954 619 2024 animus
638 1953 708 2022 fuit
730 1966 800 2023 tam
823 1951 934 2018 celsus
949 1963 1019 2018 tam
1037 1952 1169 2029 lrnnrrs,
1221 1966 1278 2021 ctu
1302 1951 1507 2019 inventutis.
1519 1950 1666 2020 traditae
1689 1966 1722 2021 et
1747 1952 1941 2021 illustratae
1956 1956 2131 2045 fuerunt,
2157 1989 2213 2035 nec

181 2060 242 2155 qui
262 2082 337 2129 non
361 2056 478 2124 subito
501 2055 569 2123 isto
594 2066 730 2123 terrore
748 2075 894 2143 prorsus
909 2050 1169 2141 percelleretur.
1221 2066 1339 2121 tamen
1360 2052 1565 2120 audentium
1591 2052 1707 2119 redire
1724 2052 1761 2118 in
1779 2052 1902 2120 urbem
1919 2078 1995 2123 uon
2013 2060 2118 2149 prins
2135 2090 2213 2134 con-

179 2162 228 2234 Et
249 2158 412 2252 quamvis
432 2154 726 2246 periculosissima
748 2152 886 2221 obsidio
908 2152 1007 2219 urbis
1030 2161 1170 2218 nostrae
1222 2152 1346 2222 stituto
1367 2152 1450 2221 lisco
1471 2151 1690 2232 academiae,
1715 2163 1756 2221 ut
1776 2153 1864 2221 scire
1883 2156 2042 2244 possint,
2069 2186 2142 2256 qua
2160 2189 2212 2258 spe

180 2260 370 2331 metuenda
386 2268 485 2338 essct,
508 2256 718 2344 imperatore
733 2276 812 2322 cum
831 2252 982 2319 exercitu
998 2274 1039 2318 ex
1053 2248 1169 2337 Terga
1223 2252 1482 2343 stipendiorum
1503 2251 1554 2319 ibi
1575 2250 1645 2321 sint
1668 2251 1781 2321 futuri
1803 2276 1884 2322 cnm
1905 2264 2134 2333 aerumnosis
2148 2268 2213 2337 suis

182 2361 431 2439 descendente,
473 2369 590 2423 tamen
618 2379 697 2423 cum
720 2352 856 2420 familia
877 2352 997 2440 lugere.
1021 2373 1061 2417 ex
1083 2350 1171 2417 urbe
1223 2352 1383 2435 familiis,
1414 2346 1573 2420 exhausti
1597 2352 1811 2442 sumptibus,
1840 2377 1932 2445 qnos
1956 2357 1993 2427 in
2016 2356 2087 2431 hoc
2112 2369 2214 2438 exilio

182 2482 256 2531 non
277 2457 398 2547 potui,
425 2478 482 2533 eo,
508 2454 601 2544 quod
625 2452 736 2521 nostri
760 2450 914 2542 equites,
947 2449 1009 2541 qui
1032 2450 1069 2515 in
1090 2450 1171 2535 luga
1197 2486 1201 2523 ε
1226 2476 1369 2540 magnos
1390 2453 1558 2524 lecerunt.
1608 2449 1824 2522 Constitutio
1848 2468 1962 2525 autem
1983 2461 2059 2529 fisci
2081 2488 2126 2533 eo
2146 2482 2215 2538 tar·

182 2558 301 2629 omnia
317 2579 379 2623 sua
397 2554 634 2645 perdiderant,
658 2555 737 2621 sine
753 2551 957 2619 discrimine
975 2564 1043 2616 tam
1060 2549 1172 2616 socios
1225 2553 1305 2621 ‹lior
1325 2568 1395 2634 est,
1428 2554 1523 2644 quod
1546 2553 1712 2645 princeps
1734 2554 1807 2644 ipse
1830 2555 1916 2625 abiit
1933 2560 1976 2626 ad
1991 2581 2215 2637 conventum

184 2668 289 2751 quani
309 2651 426 2723 hostes
441 2634 659 2744 spoliabant,
689 2665 721 2720 et
736 2650 996 2741 direptionibus
1014 2649 1174 2717 tristibus
1227 2650 1488 2741 Arrgrtstanum,
1531 2676 1596 2721 nec
1629 2669 1731 2724 antea
1762 2655 1915 2749 aliquam
1944 2682 2064 2729 rerum
2098 2668 2218 2738 eccle-

183 2781 305 2828 omues
329 2756 404 2822 viae
427 2766 527 2822 erant
550 2754 706 2823 infestae.
759 2749 880 2818 Mansi
895 2751 1002 2838 igitur
1018 2750 1174 2817 inclusus
1225 2755 1443 2835 siasticarmn
1466 2767 1500 2821 et
1513 2748 1801 2825 scholasticarum
1817 2756 1979 2827 omnium
1999 2784 2125 2834 curam
2152 2793 2216 2858 po-

184 2882 263 2929 cnm
287 2856 376 2924 meis
399 2854 435 2921 in
459 2855 590 2944 oppido
605 2854 643 2921 in
664 2864 739 2921 toto
756 2867 912 2942 tempore
928 2851 1031 2934 belli,
1054 2850 1116 2917 ubi
1136 2849 1173 2916 in
1227 2867 1391 2923 streniam
1407 2853 1569 2943 suscepit.
1663 2912 1668 2923 ,

184 2958 326 3051 quantis
348 2955 533 3047 periculis,
564 2955 600 3021 in
619 2953 760 3046 quantis
776 2951 970 3020 terroribus
986 2964 1022 3019 et
1036 2974 1175 3018 moero·
1326 2952 1454 3023 Vocati
1474 2966 1609 3026 suntet
1634 2949 1821 3047 Philippus
1841 2973 1876 3029 et
1897 2962 1961 3030 alii
1985 2964 2062 3036 alio
2085 2973 2213 3061 magnis

184 3060 285 3129 ribus
305 3081 384 3126 cum
409 3055 488 3124 aliis
503 3055 649 3138 luerim,
678 3077 752 3121 nou
769 3051 852 3121 licet
869 3052 1027 3120 brevitati
1045 3051 1175 3142 episto·
1227 3054 1391 3145 praemiis
1414 3054 1619 3146 propositis;
1649 3059 1709 3125 sed
1732 3080 1815 3127 suae
1835 3066 2060 3137 constantiae
2076 3068 2212 3143 caediu-

183 3159 250 3228 lari
273 3158 467 3247 explicare,
501 3168 535 3224 et
556 3168 670 3225 vestra
693 3152 907 3241 generositas
929 3153 1003 3243 ipsa
1024 3175 1087 3241 pro
1113 3174 1174 3220 sua
1227 3157 1401 3236 dicarunt,
1427 3168 1617 3246 expectare,
1643 3157 1866 3244 utvidereut
1892 3156 1982 3235 curm
1997 3170 2095 3239 serio
2111 3180 2213 3245 nodos

185 3259 370 3347 sagacitate
388 3257 570 3325 aestimare
586 3256 727 3346 poterit.
784 3286 790 3297 ·
1227 3256 1394 3326 dominus
1408 3250 1547 3324 scholae
1565 3256 1852 3329 instaurationem
1868 3266 2054 3356 suscipere
2071 3271 2164 3349 velit.

285 3355 504 3423 Hortabatur
532 3380 587 3422 me
614 3355 780 3423 domiuus
804 3346 1021 3447 Philippus,
1052 3352 1175 3442 primis
1327 3352 1397 3425 Hic
1419 3368 1470 3424 est
1483 3350 1692 3433 Academiae
1715 3375 1855 3431 nostrae
1876 3379 2010 3449 status,
2037 3397 2146 3464 quem
2163 3375 2211 3445 i'n-

186 3456 330 3535 diebus‚
364 3477 441 3521 cum
464 3468 587 3543 portae
611 3450 727 3523 adhuc
747 3467 907 3544 paterent
930 3455 1039 3521 ternis
1063 3453 1176 3520 literis
1228 3455 1345 3526 dicare
1361 3468 1495 3526 vestrae
1510 3460 1732 3545 generositati
1750 3462 1848 3531 volui
1865 3488 1947 3535 cum
1961 3470 2002 3536 in
2021 3472 2214 3547 viciniam-

186 3558 231 3626 ad
246 3555 490 3644 capessendam
506 3555 643 3641 sugam,
666 3568 707 3623 ut
722 3578 776 3621 me
791 3554 859 3621 sibi
875 3553 1030 3622 exulanti
1046 3552 1175 3621 adiun-
1228 3582 1320 3642 sem,
1351 3557 1488 3627 omissis
1511 3560 1660 3646 negotiis
1683 3560 1784 3644 belli,
1817 3586 1906 3653 quae
1926 3590 1969 3636 ex
1992 3570 2080 3643 aliis
2102 3574 2214 3651 andire

185 3680 322 3746 gerem,
348 3655 425 3735 scd,
451 3667 489 3722 ut
506 3653 598 3734 dixi,
626 3667 768 3742 propter
782 3653 967 3722 latrocinia
984 3652 1095 3740 magis
1109 3679 1175 3721 uo-
1227 3658 1366 3747 poterit.
1405 3654 1496 3727 Cum
1510 3658 1618 3747 igitur
1632 3659 1744 3728 otirrm
1761 3663 1865 3734 nobis
1881 3690 1900 3734 a
1916 3666 2138 3747 lectionibus
2153 3680 2214 3750 iam

186 3770 339 3825 stromm
365 3753 522 3843 equitum
545 3753 740 3840 palantium
764 3775 869 3841 quam
895 3748 1069 3835 hostium,
1101 3777 1173 3821 non
1228 3759 1394 3827 omnibus
1415 3759 1524 3826 ferme
1549 3760 1669 3829 datum
1696 3776 1801 3847 esset,
1825 3767 1922 3835 volui
1940 3763 2014 3841 hoc
2032 3773 2216 3849 anthunini
2241 3778 2246 3787 ’

185 3858 368 3935 fniausus,
396 3877 511 3920 meum
529 3853 697 3942 pusillum
714 3873 851 3938 gregem
869 3852 1035 3939 periculis
1053 3854 1175 3923 certis-
1228 3874 1384 3949 tempore
1418 3881 1529 3924 meam
1566 3859 1737 3929 familiam
1772 3864 1811 3931 in
1845 3869 1999 3956 patriam
2036 3880 2215 3963 adducere,

186 3955 285 4025 simis
309 3976 492 4042 exponere.
545 3952 599 4020 lbi
617 3955 755 4021 obsessa
774 3944 1174 4047 urbePln'lippuscum
1227 3980 1373 4049 eamque
1407 3958 1635 4047 popularibus
1667 3963 1755 4031 meis
1786 3972 2061 4063 commendare,
2092 3993 2147 4061 ut,
2184 3982 2216 4051 si

185 4056 320 4127 familia
344 4055 445 4121 cessit
466 4076 506 4121 ex
529 4048 703 4120 Zerbcsto
728 4046 1056 4145 Magdchur'gum;
1090 4053 1174 4121 inde
1226 4054 1412 4150 quidmihi
1430 4053 1623 4130 humanum
1641 4064 1824 4148 accideret,
1841 4068 1932 4139 sicut
1949 4094 2035 4144 sum
2054 4079 2216 4152 imbecilli

185 4157 309 4248 petivit
324 4148 591 4245 Brunsvigam.
626 4149 680 4221 Ex
697 4178 736 4221 eo
752 4154 828 4222 loco
847 4153 1018 4222 concessit
1034 4153 1076 4220 ad
1093 4151 1173 4240 iuga
1226 4182 1391 4250 corpore,
1418 4173 1452 4228 ct
1470 4184 1592 4249 parum
1610 4175 1669 4230 aut
1685 4159 1777 4232 nihil
1794 4190 1936 4256 prorsus
1952 4176 2008 4242 rei
2024 4177 2151 4251 liberis
2166 4180 2217 4253 re-

185 4254 354 4325 llercinia
388 4255 425 4322 in
449 4256 619 4344 oppidum
644 4253 824 4341 imperiale
844 4246 1080 4338 Northnsen,
1110 4254 1174 4322 ubi
1226 4259 1388 4351 linquere
1403 4285 1557 4352 possum,
1578 4256 1748 4333 haberent
1762 4279 1875 4335 tamen
1893 4273 2057 4347 coniunx
2073 4296 2109 4352 et
2122 4284 2218 4353 liberi

185 4357 319 4425 bonam
345 4370 477 4445 partem
494 4353 632 4425 aestatis
652 4354 792 4423 delituit
806 4378 886 4422 com
902 4355 1047 4427 iamilia.
1099 4349 1175 4423 Alii
1226 4360 1381 4451 aliquos,
1415 4361 1475 4451 qui
1503 4362 1659 4452 ipsorum
1683 4388 1803 4435 curam
1824 4384 1937 4456 agant.
2006 4374 2060 4450 Et
2083 4384 2218 4457 decrevi

185 4456 414 4547 professores,
440 4456 502 4548 qui
519 4454 752 4543 Magdeburgi
770 4456 910 4522 inerant
926 4478 988 4543 per
1001 4449 1175 4546 hyemem,
1226 4460 1319 4529 intra
1344 4461 1580 4551 quadriduum
1600 4458 1684 4533 ltine
1705 4466 1803 4536 abire
1822 4468 1949 4538 iterum
1975 4476 2013 4543 in
2030 4478 2219 4555 saxoniam

187 4578 268 4623 cum
292 4554 354 4621 illo
378 4557 455 4623 loco
477 4558 583 4625 etiam
605 4554 800 4645 periculum
815 4554 1033 4637 immineret,
1059 4568 1175 4623 trans-
1226 4574 1259 4629 et
1284 4574 1497 4629 conventum
1521 4557 1660 4632 scholae
1683 4580 1822 4651 nostrae
1846 4586 2048 4663 expectare,
2084 4610 2174 4677 quae
2193 4590 2218 4656 si

186 4655 345 4726 tulerunt
360 4675 440 4721 suas
453 4655 604 4723 familias
623 4669 657 4724 et
672 4656 806 4723 reculas
822 4655 860 4721 in
877 4649 1057 4723 Marclriae
1071 4655 1174 4744 oppi-
1226 4685 1300 4727 non
1324 4661 1545 4744 restituetur,
1577 4664 1645 4733 erit
1665 4661 1755 4734 mihi
1777 4668 1863 4738 alibi
1880 4670 1980 4742 locus
1997 4691 2221 4769 quaerendus

186 4757 274 4825 dum
289 4746 451 4836 Stendel,
475 4756 539 4822 rabi
555 4750 671 4826 adhuc
688 4759 832 4844 degunt,
856 4777 920 4823 nec
935 4778 1058 4823 eorum
1075 4756 1174 4848 quis-
1226 4774 1287 4829 aut
1303 4760 1435 4829 diutius
1452 4762 1675 4832 exulandum.

186 4878 293 4949 qnam
306 4852 476 4921 familiam
494 4852 714 4944 Vitebergam
730 4856 886 4938 reduxit,
911 4869 971 4924 aut
986 4857 1060 4946 ipse
1074 4880 1175 4924 man·
1324 4859 1439 4929 Deum
1466 4886 1548 4945 oro,
1579 4879 1621 4934 nt
1640 4866 1777 4957 mitiget
1801 4871 1887 4940 iram
1911 4898 2034 4964 suam,
2071 4910 2120 4957 ne
2145 4914 2220 4959 enm

185 4978 290 5027 surus
312 4977 354 5023 eo
378 4951 493 5025 rediit.
543 4953 649 5025 Solus
666 4949 866 5051 Philippus
881 4956 1002 5027 multis
1018 4956 1174 5046 epistolis
1227 4962 1422 5029 mutatione
1449 4961 1677 5053 imperiorum
1706 4968 1810 5045 ctiam
1837 4974 1952 5043 studia
1979 4982 2040 5070 pia
2066 4989 2218 5060 extimui

185 5068 330 5125 vocatus
354 5054 400 5122 ad
424 5067 637 5123 conventum
656 5058 926 5144 provincialem,
958 5057 1021 5149 qui
1035 5056 1177 5149 Lipsiae
1227 5062 1330 5134 sinat.
1382 5061 1528 5132 Necesse
1553 5079 1604 5136 est
1629 5068 1724 5135 euim
1747 5073 1888 5142 vastatis
1905 5072 2039 5151 scholis
2058 5048 2219 5182 magngm

184 5155 427 5227 celebrabatur
453 5154 544 5222 circa
567 5152 803 5241 Margarctae,
841 5159 926 5227 inde
951 5157 1178 5248 Vitebergam
1228 5162 1359 5252 uldque
1375 5164 1573 5233 barbariem
1590 5167 1706 5260 sequi,
1732 5194 1796 5239 nec
1808 5175 1944 5263 puritas
1958 5182 2152 5262 doctrinae
2170 5218 2219 5263 cc·

182 5256 298 5339 venit,
322 5253 386 5322 ubi
403 5279 480 5323 eum
497 5255 617 5323 abiens
634 5254 673 5321 in
689 5256 837 5343 patriam
852 5260 889 5330 6.
907 5259 965 5327 die
982 5258 1177 5349 septembr.
1229 5262 1440 5332 clesiasticae
1462 5267 1605 5335 retineri
1629 5270 1795 5357 neglectis
1817 5276 1943 5345 studiis
1963 5281 2174 5373 linguarum
2192 5310 2221 5365 er

182 5358 223 5425 in
243 5356 331 5427 meis
354 5355 502 5426 aedibus
523 5369 799 5425 commorantem
824 5358 955 5450 reliqui
967 5373 1176 5450 occupatum
1229 5363 1357 5433 artium
1372 5366 1511 5456 poterit
1563 5366 1677 5436 Tuam
1695 5375 1961 5460 generositatem
1977 5406 2067 5474 oro,
2089 5409 2140 5467 m
2158 5396 2223 5467 suis
