4748 6022
109 326 154 399 tt

110 492 341 566 confercn‘dos
358 503 391 562 et
407 491 665 582 patefaciendas
680 511 740 555 eos
756 487 942 564 articulus,
960 488 1003 554 de
1020 484 1100 578 qui-

110 601 177 668 bus
193 592 258 665 hoc
275 610 433 683 tempore
459 593 497 660 in
515 590 675 661 doctrina
692 583 880 658 christiana
896 599 1099 656 controver-

111 699 161 767 sia
177 709 246 782 est,
273 695 430 764 indictus
446 693 508 773 sit,
533 689 779 763 Reverendiss.
797 687 966 780 Princeps
981 684 1099 757 acCo-

110 822 183 868 mes
205 819 373 888 generose
396 789 569 864 aCaesar.
592 790 777 861 Maiestate
803 785 908 860 huius
929 787 1097 881 colloquii

109 897 293 969 Praesides
319 911 352 967 et
367 898 618 984 gubernatores
635 891 835 971 constituti,
861 886 1010 960 Domini
1032 913 1098 958 no-

109 1001 173 1070 stri
197 997 481 1081 clementissimi,
507 991 691 1063 humiliter
711 1017 751 1062 ac
767 1016 848 1062 cum
864 991 983 1061 debita
997 1015 1097 1059 reve-

108 1103 226 1172 rentia
239 1125 258 1168 a
275 1098 368 1168 Vest.
383 1095 473 1167 Cels.
491 1096 660 1189 petimus,
685 1107 725 1162 ut
739 1089 837 1165 Caes.
852 1090 941 1162 Mai.
957 1106 1098 1163 nostro-

108 1227 189 1271 rum
207 1198 530 1270 illustrissimorum
546 1210 579 1267 et
597 1194 794 1265 illustrium
811 1191 1029 1282 Principum,
1047 1192 1096 1261 ci·

108 1305 257 1372 vitatum
274 1313 308 1370 et
323 1299 485 1368 omnium
499 1312 651 1368 statuum
669 1295 834 1375 nomine,
862 1295 1095 1385 complecten-

109 1405 200 1474 tium
219 1401 473 1471 confessionem
489 1395 657 1488 August,
684 1397 842 1484 ingentes
866 1396 994 1485 gratias
1015 1417 1095 1484 aga-

109 1507 173 1588 tis,
199 1505 293 1596 quod
316 1503 442 1572 iterum
465 1503 509 1570 ad
529 1498 804 1590 patefaciendam
823 1497 1023 1567 doctrinam
1039 1520 1095 1565 ec-

692 310 1130 426 ³³¹²¹³T0LARUM
1179 312 1361 404 sus
1413 261 1721 411 1⁵.;4.0·.··-‘·‘·ff
1753 257 1825 264 ·-’

2089 323 2148 405 42,

1146 486 1219 555 ritu
1244 509 1291 577 s„
1316 509 1384 578 qua
1407 510 1443 556 se
1461 483 1559 557 Deus
1582 487 1735 559 mirabili
1746 484 1918 584 {consilis
1928 488 2006 561 orbi
2023 506 2137 563 terra-

1145 611 1226 657 rum
1248 611 1284 657 se
1308 589 1485 678 patefecit,
1513 602 1547 659 et
1567 584 1653 659 haec
1677 593 1805 682 scripta
1828 617 1901 663 esse
1921 595 2141 664 fundamen-'

1145 702 1239 769 tum,
1264 701 1401 778 petram
1426 704 1461 760 et
1484 691 1603 771 basin,
1629 714 1854 786 superquam
1877 696 2039 780 ecclesia,
2065 699 2132 766 do-

1146 805 1222 859 mus
1243 786 1330 874 Dei,
1362 790 1540 862 aedificata
1572 792 1683 861 estin
1707 793 1783 885 ipso
1810 819 1947 866 summo
1969 798 2133 887 angulari

1144 891 1260 982 lapide
1271 886 1415 962 Christo
1435 890 1531 977 lesu,
1557 893 1643 964 etin
1659 889 1865 987 hisscriptis
1882 898 1984 989 plene
2003 912 2035 968 et
2051 922 2131 988 per-

1142 994 1230 1062 fecte
1245 993 1384 1077 omnia,
1408 1019 1498 1084 quae
1511 997 1555 1065 ad
1574 994 1743 1065 iustitiam
1759 1010 1793 1067 et
1807 999 1956 1068 salutem
1972 1012 2129 1068 nostram

1142 1094 1244 1163 utilia
1267 1104 1302 1162 et
1320 1095 1512 1166 necessaria
1536 1109 1638 1180 sunt,
1670 1093 1942 1188 comprehensa3
1978 1114 2013 1170 et
2038 1095 2154 1170 hanes

1142 1194 1326 1264 coelestem
1347 1196 1544 1265 doctrinam
1566 1221 1587 1267 a
1608 1199 1681 1267 filio
1701 1197 1769 1268 Dei
1792 1213 1827 1269 et
1849 1225 1913 1292 per
1935 1195 2130 1291 Prophetas

1142 1309 1175 1366 et
1202 1291 1393 1385 Apostolos
1416 1298 1521 1367 nobis
1548 1300 1714 1370 traditam
1737 1323 1810 1370 esse
1834 1302 1950 1370 omnis
1970 1302 2132 1371 coelestis

1140 1394 1322 1467 doctrinae
1339 1410 1373 1466 et
1389 1398 1468 1487 piae
1478 1398 1569 1468 vitae
1582 1424 1621 1470 ac
1635 1402 1750 1470 cultus
1759 1399 1826 1470 Dei
1841 1403 1989 1472 unicum
2004 1416 2038 1472 et
2052 1412 2143 1471 cer-‘

1140 1497 1314 1567 tissimum
1337 1521 1510 1568 canonem
1533 1514 1566 1570 et
1588 1502 1764 1591 regulam,
1789 1526 1904 1596 neque
1925 1504 2036 1572 ullam
2061 1505 2128 1572 do-

109 1607 223 1675 clesiis
243 1618 277 1674 et
300 1604 380 1673 orbi
399 1617 575 1675 terrarum
593 1602 782 1670 salutarem
797 1622 837 1669 ac
853 1599 1096 1682 necessariam,
1140 1598 1291 1668 ctrinam
1311 1612 1372 1669 aut
1385 1600 1519 1670 cultum
1536 1598 1602 1671 Dei
1628 1602 1889 1692 recipiendum,
1913 1604 1975 1697 qui
1996 1608 2069 1673 noir
2088 1604 2127 1671 in

107 1702 205 1777 hunc
221 1718 433 1775 conventum
451 1702 651 1777 instituerit
688 1698 847 1784 Deinde,
871 1701 968 1792 quod
984 1701 1095 1769 factu·
1139 1695 1354 1792 propheticis
1386 1716 1419 1771 et
1441 1702 1641 1792 apostolicis
1670 1703 1809 1794 scriptis
1843 1699 2128 1796 comprehensus,

107 1832 168 1877 ros
182 1808 328 1876 omnino
345 1826 542 1895 speramus,
568 1817 607 1873 ut
623 1802 668 1872 V.
684 1799 805 1871 Celsit.
826 1794 918 1868 hanc
934 1800 1093 1871 collatio·
1140 1815 1173 1870 et
1182 1824 1213 1894 ‘a
1229 1796 1306 1870 Deo
1321 1816 1525 1893 praeceptus
1541 1816 1574 1872 et
1591 1806 1777 1874 mandatus
1794 1803 1851 1875 sit.
1977 1888 1982 1898 .

1241 1900 1405 1970 Secundo
1433 1903 1681 1992 amplectimur
1695 1929 1836 1996 quoque
1852 1919 2023 1999 tanquam
2038 1907 2127 1974 scri-

108 1933 190 1977 nem
213 1910 257 1977 de
279 1906 460 1977 sententiis
483 1903 677 1994 scripturae
700 1900 840 1969 divinae
863 1899 913 1969 ita
934 1901 1094 1968 modere-

108 2024 183 2094 tur,
197 2034 271 2078 non
288 2020 329 2079 ut
342 2004 538 2099 praestigiis
552 2017 586 2074 et
600 1999 786 2072 calumniis
803 1999 931 2071 veritas
947 2012 1094 2089 tegatur,
1138 2014 1262 2091 pturae
1291 1995 1517 2092 propheticae
1548 2025 1587 2071 ac
1613 2005 1826 2101 apostolicae
1855 2006 2033 2095 epitomen
2065 2031 2126 2076 seu

104 2110 311 2179 involvatur
326 2122 387 2188 aut
401 2108 595 2190 obruatur,
620 2107 681 2175 sed
699 2127 739 2170 ex
755 2100 891 2171 collatis
912 2101 1094 2172 sententiis
1136 2124 1310 2171 summam
1324 2102 1484 2195 symbola
1501 2101 1586 2188 tria,
1608 2115 1649 2173 ut
1662 2101 1928 2196 Apostolicum,
1950 2105 2125 2177 Nicenum

104 2211 238 2280 veritas
271 2223 378 2302 queat
411 2207 566 2300 patefieri
597 2220 631 2275 ct
665 2201 848 2276 illustrari.
907 2199 1093 2273 Caeterum
1135 2214 1170 2272 et
1185 2197 1478 2279 Athanasianum.
1990 2292 1993 2300 ἢ

105 2335 311 2405 quanquam
339 2311 504 2379 omnibus
534 2306 694 2377 omnium
723 2301 1004 2375 adversariorum
1025 2328 1094 2372 no·
1235 2301 1358 2373 Tertio
1369 2305 1615 2397 amplectimur
1632 2308 1716 2378 item
1734 2321 1887 2402 quatuor
1901 2332 2124 2400 magnacon-

104 2428 259 2483 strorum
274 2410 498 2494 criminibus,
512 2409 642 2502 quibus
657 2431 722 2478 nos
736 2429 776 2476 ac
791 2417 947 2475 nostram
960 2404 1093 2476 doctri-
1135 2403 1233 2490 cilia,
1265 2401 1458 2491 Nicenum,
1487 2405 1941 2500 Constantinopolitauum,
1962 2407 2125 2502 „Ephesi-

105 2537 189 2584 nam
212 2512 304 2604 apud
329 2535 450 2581 omnes
473 2523 592 2601 gentes
616 2522 651 2579 et
671 2507 821 2603 populos
838 2508 1035 2577 deformare
1058 2517 1092 2577 et
1134 2530 1222 2578 num
1241 2520 1276 2578 et
1291 2503 1597 2592 Chalcedonense,
1624 2525 1658 2582 et
1675 2512 1764 2592 alia,
1789 2525 1962 2604 quatenus
1980 2513 2124 2604 quidem

105 2618 256 2683 obruere
271 2628 461 2696 conantur,
487 2613 718 2702 respondere,
742 2631 857 2700 neque
876 2609 962 2679 utile
978 2630 1092 2700 neque
1134 2632 1213 2677 cum
1232 2606 1268 2678 S.
1283 2606 1465 2700 Scriptura
1482 2612 1715 2697 conveniunt,
1742 2626 1777 2683 ct
1791 2636 1943 2705 quorum
1959 2615 2123 2704 dogmata

103 2717 330 2787 commodum
348 2710 414 2782 hoc
430 2728 585 2804 tempore
602 2735 675 2781 esse
695 2712 862 2794 sciamus,
890 2723 1024 2794 tamen,
1047 2732 1091 2776 ne
1134 2725 1169 2782 et
1184 2711 1321 2779 decreta
1335 2713 1518 2803 scripturis
1533 2736 1561 2786 s.
1576 2715 1781 2784 confirmata
1795 2728 1889 2789 suut.

103 2818 143 2886 in
172 2818 313 2906 publico
335 2811 401 2884 hoc
424 2825 600 2882 conventu
628 2813 724 2884 taciti
744 2825 776 2881 et
799 2811 899 2902 quasi
924 2832 1093 2900 agnosero
1235 2807 1372 2899 Quarto
1394 2815 1617 2903 agnoscimus
1646 2817 1832 2905 scriptores
1853 2831 1986 2887 veteres
2011 2818 2123 2887 eccle-

90 2919 308 3001 ·videamur,
337 2916 542 2985 brevissime
568 2929 600 2985 et
626 2912 881 2985 modestissime
901 2913 946 2982 ad
973 2936 1013 2982 ea
1034 2935 1091 2980 re·
1134 2911 1307 2998 siasticos,
1333 2916 1394 2983 sed
1417 2928 1591 3007 quatenus
1612 2916 1679 3006 ipsi
1701 2940 1737 2985 se
1752 2918 1895 3006 agnosci
1920 2933 1954 2988 et
1971 2918 2039 3006 legi
2057 2943 2122 2985 vo·

101 3019 368 3110 spondebimus.
431 3076 436 3088 ,
1135 3015 1230 3097 lunt,
1253 3027 1288 3084 et
1310 3017 1484 3086 sententia
1506 3041 1628 3087 eorum
1652 3018 1893 3087 testimouium
1912 3013 2123 3087 habetscri-
2220 3087 2225 3096 ,

206 3115 1091 3206 l⁷0ciferanturinpubliciscoucionibusetpublice
1133 3130 1268 3206 pturae.
1293 3111 1383 3185 Cum
1402 3116 1512 3204 igitur
1524 3130 1657 3187 certum
1675 3117 1736 3201 sit,
1753 3112 1846 3186 hanc
1863 3140 1935 3187 esse
1944 3118 2071 3188 veteris
2085 3135 2121 3189 et

100 3220 209 3291 editis
231 3217 390 3308 scriptis,
416 3239 480 3284 nos
499 3219 688 3287 traducunt
709 3231 743 3285 et
768 3218 958 3300 infamant,
980 3240 1045 3283 uos
1070 3239 1089 3282 a
1133 3209 1325 3286 catholicae
1342 3212 1559 3286 orthodoxae
1573 3218 1735 3287 ecclesiae
1750 3212 1883 3288 Christi
1900 3242 2120 3305 consensum,
2230 3289 2231 3293 ,

98 3320 213 3390 reteri
240 3332 271 3387 et
295 3313 491 3386 orthodoxa
523 3330 557 3386 et
589 3311 759 3385 catholica
793 3317 935 3386 ecclesia
957 3313 1089 3385 Christi
1134 3316 1264 3385 iniuste
1280 3317 1325 3383 ab
1340 3317 1550 3386 adversariis
1565 3318 1693 3387 nostris
1711 3319 1931 3403 damnamur,
1942 3321 2040 3411 quod
2057 3322 2120 3388 de-

100 3419 320 3502 discessisse,
347 3419 515 3486 damnare
533 3417 682 3486 coucilia
706 3430 742 3487 et
758 3417 932 3486 omnium·
951 3429 1087 3486 sancto·
1132 3415 1317 3486 fecerimus
1338 3417 1382 3485 ab
1403 3413 1559 3486 Ecclesia
1583 3443 1622 3487 ac
1644 3418 1851 3488 damnemus
1875 3416 2119 3490 Conciliorum

101 3547 183 3593 rum
202 3533 341 3611 patrum
358 3519 507 3608 scripta,
530 3518 647 3585 laxare
670 3531 705 3587 ct
721 3519 856 3586 solvere
870 3541 1010 3586 omnem
1033 3539 1090 3585 ec·
1132 3518 1270 3586 decreta
1300 3529 1334 3586 et
1363 3517 1675 3589 ecclesiasticorum
1705 3519 1917 3610 scriptorum
1942 3523 2118 3611 dogmata.

101 3623 226 3692 clesiae
250 3619 493 3710 disciplinam,
521 3630 555 3688 et
576 3618 732 3686 tribuere
757 3619 887 3707 populo
913 3618 1087 3686 infinitam
1130 3615 1532 3698 Existimamusautem‚
1559 3619 1643 3688 satis
1657 3642 1730 3689 esse
1746 3621 1991 3711 perspicuum,
2019 3624 2117 3713 quod

100 3723 280 3793 licentiam
314 3720 471 3813 qualibet
501 3719 656 3789 audendi
690 3731 725 3787 et
749 3717 917 3802 faciendi,
947 3719 1088 3788 abolere
1130 3720 1175 3789 ab
1191 3712 1386 3788 orthodoxa
1400 3731 1435 3788 et
1451 3743 1532 3788 vera
1550 3720 1692 3789 ecclesia
1709 3717 1843 3791 Christi
1861 3747 1933 3791 non
1949 3723 2118 3792 discesse-

101 3847 169 3895 nos
192 3836 325 3892 veteres
348 3821 563 3892 ceremonias
581 3821 735 3903 stritus,
761 3844 780 3887 a
802 3820 960 3910 patribus
976 3821 1086 3888 eccle·
1131 3819 1252 3893 rimus.
1305 3816 1412 3906 Quod
1427 3821 1472 3889 ad
1490 3821 1710 3912 disciplinam
1725 3822 1867 3909 attinet,
1892 3847 1947 3893 res
1969 3825 2043 3915 ipsa
2061 3825 2117 3890 lo-

100 3927 173 3996 siae
187 3925 353 4007 traditas,
377 3935 411 3991 et
426 3921 494 3992 alia
518 3920 628 3991 multa
645 3920 774 3990 atrocia
793 3921 942 3990 crimina
965 3921 1003 3989 in
1022 3944 1087 3990 nos
1129 3922 1269 4013 quitur,
1304 3919 1342 4004 si
1356 3945 1437 3990 vere
1462 3921 1658 3990 existimare
1684 3922 1866 4009 volumus,
1901 3925 2005 4012 longe
2039 3947 2116 3991 eam

101 4026 303 4105 cumulant,
329 4026 374 4094 a'd
391 4047 479 4114 quae
494 4045 633 4092 necesse
650 4035 700 4091 est
718 4016 776 4090 hic
794 4022 949 4093 breviter
963 4035 997 4092 et
1008 4046 1086 4090 mo·
1129 4045 1201 4092 esse
1235 4022 1330 4112 apud
1364 4045 1430 4092 nos
1462 4021 1712 4108 astrictiorem,
1753 4026 1991 4118 quammulti
2018 4024 2116 4092 voci-

98 4131 200 4199 deste
223 4125 438 4217 responderi.
487 4123 578 4193 Nam
601 4124 631 4198 si
650 4123 735 4191 tales
751 4144 822 4190 csse
837 4122 1085 4205 existimamur,
1127 4124 1297 4195 ferentur.

101 4243 136 4299 et
162 4224 250 4298 haec
272 4227 400 4296 iniusta
421 4223 934 4311 adversariorumpraeiudicia
955 4225 1085 4309 valent,
1229 4221 1412 4294 Postremo
1441 4225 1611 4313 fatemur,
1644 4228 1816 4320 quaedam
1843 4228 2025 4299 doctrinae
2054 4249 2115 4316 ge-

99 4332 232 4400 frustra
249 4329 292 4396 ad
308 4323 372 4396 hoc
389 4324 605 4418 colloquium
621 4320 882 4398 adhiberemur.
1128 4348 1213 4394 nera
1233 4337 1268 4393 et
1289 4328 1459 4418 quosdam
1482 4327 1611 4397 abusus
1640 4343 1675 4398 et
1693 4329 1783 4399 ritus
1806 4342 2002 4419 pugnantes
2033 4329 2114 4397 curn

203 4427 363 4498 Primum
380 4428 487 4516 igitur
500 4451 616 4495 coram
632 4421 708 4493 Deo
727 4438 761 4494 et
777 4439 850 4495 toto
869 4425 955 4493 orbe
974 4437 1084 4493 terra·
1128 4426 1300 4515 scriptura
1323 4423 1525 4517 prophetica
1547 4441 1582 4497 et
1603 4429 1794 4519 apostolica
1821 4443 1854 4498 et
1868 4454 2041 4500 consensu
2055 4453 2114 4499 ca-

100 4531 398 4602 rumconfitemur
408 4541 440 4597 ct
455 4540 700 4617 protestamur,
712 4526 1082 4617 quemadmodumau-
1128 4522 1281 4597 tholicae
1313 4528 1477 4599 ecclesiae
1499 4524 1652 4609 Christi,
1691 4523 1921 4617 reprehensos
1951 4557 1971 4601 a
1998 4531 2114 4616 nobis,

99 4648 155 4705 tea
170 4634 209 4700 in
223 4629 441 4700 confessione
456 4625 553 4701 Caes.
568 4627 746 4698 Maiestati
764 4629 802 4696 in
816 4623 979 4698 Cornitiis
992 4621 1084 4716 Aug.
1128 4627 1217 4697 sicut
1232 4651 1305 4697 non
1322 4642 1461 4700 tanturn
1469 4642 1603 4699 veteres
1614 4629 1799 4720 scriptores
1814 4632 1874 4701 sed
1892 4647 1927 4701 et
1940 4632 2114 4704 recentio-

98 4727 256 4804 exhibita
280 4729 421 4821 publice
445 4729 717 4822 declaravimus,
742 4753 848 4821 quam
875 4728 980 4799 etiam
999 4751 1083 4797 con·
1128 4751 1201 4812 res,
1225 4742 1259 4798 et
1275 4730 1421 4821 quidam
1444 4754 1486 4801 ex
1504 4729 1713 4799 adversariis
1726 4729 1811 4822 ipsis
1828 4733 1978 4823 ingenue
1998 4737 2112 4804 faten-

97 4833 286 4906 fetsioncm
309 4855 373 4922 pro
395 4829 541 4921 repetita
566 4825 688 4899 haberi
711 4831 892 4910 volumus,
923 4852 988 4898 nos
1010 4853 1083 4898 non
1129 4842 1204 4912 tur,
1227 4830 1360 4915 multos
1383 4853 1519 4899 errores
1540 4830 1719 4920 irrepsisse
1741 4833 1780 4900 in
1797 4835 1988 4909 ecclesiam.
2039 4835 2111 4905 Sed

96 4938 434 5023 solum’agnoscere,
452 4933 513 5000 sed
529 4943 564 4999 et
583 4943 655 5000 toto
673 4945 811 5020 pectore
821 4944 987 5023 tauquam
1004 4931 1083 4998 fon·
1128 4930 1426 5021 quemadmodum
1448 4954 1507 5014 ea,
1532 4954 1621 5021 quae
1642 4956 1723 5002 cum
1746 4934 1919 5027 scriptura
1942 4951 2112 5027 pugnant,

96 5052 168 5111 tem
185 5035 302 5104 omnis
316 5033 438 5104 salutis
461 5045 495 5102 et
512 5031 604 5102 vitae
624 5045 787 5101 aeternae
808 5028 971 5123 amplecti
996 5031 1082 5100 scri·
1127 5053 1202 5099 non
1231 5018 1387 5120 agnoscit
1415 5053 1496 5101 vera
1523 5022 1665 5104 ecclesia
1687 5029 1882 5121 catholica,
1915 5037 1963 5108 ita
1986 5037 2112 5117 nostri,

95 5153 157 5232 pta
171 5130 431 5227 Prophetarum
453 5146 491 5203 et
503 5129 775 5222 Apostolorum,
801 5128 868 5204 hoc
890 5146 943 5205 est
960 5154 1082 5202 omnes
1127 5130 1190 5224 qui
1204 5132 1249 5201 ad
1261 5131 1460 5202 docendum
1477 5134 1696 5223 evangelium
1704 5131 1838 5208 Christi
1852 5140 1966 5209 vocati
1979 5161 2112 5220 sumus,

95 5239 144 5314 V.
159 5252 193 5309 et
205 5236 250 5312 N.
266 5233 484 5308 Testamenti
502 5234 614 5304 libros
631 5258 720 5328 quos
735 5249 863 5305 vocant
883 5234 1082 5320 canonicos,
1126 5231 1234 5304 officii
1247 5231 1335 5318 fuit,
1361 5257 1495 5305 errores
1512 5231 1769 5325 reprehendere
1783 5251 1817 5307 et
1832 5240 2011 5314 damnare.

93 5356 130 5413 et
148 5338 345 5422 credimus,
370 5331 463 5407 hauc
478 5357 550 5404 esse
569 5335 679 5427 ipsius
695 5332 763 5406 Dei
784 5336 949 5407 creatoris
962 5359 1081 5405 rerum
1226 5329 1329 5405 Hauc
1362 5335 1617 5406 confessionem
1641 5352 1675 5409 et
1705 5339 1994 5429 protestationem
2026 5341 2113 5410 obe-

93 5467 217 5514 rocem
233 5453 420 5512 sonantem
435 5437 473 5505 in
492 5430 546 5507 his
560 5436 719 5530 scriptis,
741 5437 948 5530 inspiratam
962 5461 982 5510 a
997 5435 1080 5530 Spi-
1125 5433 1263 5507 clienter
1277 5435 1448 5528 petimus,
1470 5449 1510 5510 ut
1525 5435 1776 5510 Reverendiss.
1790 5454 1825 5512 ct
1841 5462 2030 5530 generosae
2041 5439 2116 5513 Do·
2142 5459 2148 5476 ¹
