4748 6022
77 280 156 356 666
251 229 262 239 ’
664 262 1103 357 6666666666
1164 275 1269 349 rra.
1296 276 1342 351 x.
1396 275 1528 354 1546.
1981 244 1989 255 “
2040 277 2118 351 666

83 454 130 524 ad
154 451 373 526 Danubium.
431 451 501 524 Sed
531 451 703 543 singulari
728 463 803 521 arte
829 451 932 521 civile
956 449 1077 519 incen-
1129 447 1158 516 si
1173 472 1276 541 quam
1290 438 1431 517 scholae
1447 448 1610 518 umbram
1627 444 1756 520 habere
1782 463 1950 542 poterunt
1967 445 2022 546 ³),
2046 444 2143 518 hac·

86 555 187 625 diurn
203 556 248 624 ad
264 551 387 624 Albim
409 556 596 628 excitatum
619 567 688 634 est,
716 556 812 646 quod
828 551 925 622 Deus
948 551 1077 621 restin-
1128 546 1253 643 hyeme
1277 572 1401 639 operas
1424 545 1664 634 scholasticas,
1691 548 1768 621 Deo
1793 552 1957 637 iuvante,
1984 551 2113 622 facturi

86 670 182 752 guat.
232 653 330 725 Haec
355 678 436 724 cum
468 656 677 738 scriberem,
708 648 861 747 Cygnus
890 651 1077 724 obsidione
1126 665 1219 721 sunt.
1277 642 1479 745 Oremris⁴)
1500 664 1616 720 autem
1637 647 1752 721 Deum
1780 654 1986 725 ardentibus
2009 653 2113 736 votis,

86 760 302 830 cinctaerat.
354 754 439 826 ldeo
456 753 700 841 scholasticos,
725 756 788 848 qui
802 755 931 848 reliqui
954 755 1075 822 adlue—
1126 766 1167 822 ut
1186 752 1281 843 piam
1301 763 1334 821 et
1356 753 1544 822 salutarem
1569 775 1688 843 pacem
1710 757 1882 831 restituat.
1940 751 2052 824 Datae
2076 752 2112 823 6.

85 871 191 943 6666,
218 856 443 928 dimittimus.
492 856 857 928 Pmfieiseiruraurem
879 858 923 924 ad
940 878 1002 924 vos
1018 849 1076 922 hic
1125 848 1559 926 Novemb.Anno1546.

86 958 260 1049 Magister
275 952 420 1028 Paulus
434 950 593 1030 Creticus
610 956 796 1053 ¹illyricus,
828 959 883 1026 vir
901 946 1075 1025 honestus

86 1076 126 1132 et
141 1062 303 1133 eruditus
312 1114 323 1147 ,
348 1083 388 1128 ac
408 1061 454 1130 ad
468 1062 669 1130 docendum
684 1062 844 1132 idoneus.
896 1057 1021 1150 Sperat
1037 1058 1074 1125 iu

85 1162 301 1234 Academiae
317 1175 452 1232 vestrae
467 1162 666 1254 frequentia
688 1162 920 1232 inventurum
943 1184 980 1231 se
1003 1182 1076 1230 esse

86 1266 248 1359 aliquos,
279 1287 431 1357 quorum
454 1263 583 1335 formet
603 1263 755 1352 ingenia.
811 1259 864 1332 Ea
895 1263 933 1332 in
968 1284 1006 1330 re
1037 1274 1077 1330 ut
1125 1262 1196 1336 No.
1219 1263 1334 1338 3600.
1986 1265 2114 1333 661666.

86 1368 205 1460 ipsum
221 1365 384 1450 adiuves,
409 1378 444 1435 te
460 1364 566 1435 etiam
581 1377 686 1457 atque
701 1366 804 1435 etiam
821 1388 897 1438 oro.
946 1361 1077 1432 Lenia·
1132 1359 1343 1398 ⁹⁸⁸³
1680 1424 1684 1431 s

86 1493 169 1539 mus
193 1481 315 1538 nostro
340 1467 454 1556 gregi,
487 1466 581 1535 inter
600 1479 715 1538 tantos
741 1467 915 1536 tumultus
937 1463 1077 1533 Princi-
1334 1465 1577 1551 Marcellug
1608 1463 1671 1547 ad
1705 1463 1925 1577 Langum,

86 1594 195 1662 pum,
231 1590 415 1639 aerumnas
438 1580 472 1637 et
495 1567 653 1653 dolores,
686 1581 858 1660 quantum
880 1587 1076 1658 possumus,

87 1672 184 1764 quod
215 1669 370 1739 officium
400 1683 434 1739 66
457 1668 534 1741 Deo
563 1682 699 1759 gratum
731 1682 800 1752 est,
830 1682 877 1739 -et
897 1665 1075 1738 Ecclesiae

87 1772 188 1844 utile.
254 1767 332 1841 Etsi
356 1771 571 1861 enim‘nunc
595 1770 722 1838 exarsit
745 1769 900 1852 bellum,
932 1782 972 1837 ut
994 1778 1077 1837 sunt
1125 1788 1336 1864 Ioganm·
1360 1789 1548 1890 Longo,
1585 1792 1726 1868 dodon·
1749 1790 1899 1882 Theop,
1931 1806 1965 1866 ,l
1981 1736 2119 1890 gage,-

87 1872 213 1943 ffflles
245 1895 394 1964 P⁰0ss³⁶=
434 1884 553 1942 lamen
582 1866 819 1987 chl²⁵l³s¹¹m
852 1869 1077 1938 ⁰⁰⁰⁰⁰rdi³¹¹¹
1127 1895 1255 1966 aaron·
1272 1894 1503 1967 ecclesiarum
1518 1891 1667 1968 Christi
1689 1897 1728 1968 in
1751 1898 1891 1992 inclyta
1912 1893 2118 1996 Ersordia,

72 1997 234 2042 manere
252 1974 410 2063 prodest,
436 1984 472 2043 et
486 1967 571 2040 16666
593 1971 776 2062 aquuanto
803 1982 881 2061 post
903 1973 1078 2039 conducet
1375 1994 1542 2069 Domino
1558 2023 1626 2070 suo
1639 1994 1884 2086 observando,

87 2077 136 2144 ad
160 2075 414 2145 restituendam
440 2096 572 2165 pacem.
630 2069 728 2140 Bene
753 2073 846 2157 vale,
873 2067 1077 2141 charissime

83 2169 357 2267 Christophore.
405 2171 474 2244 Die
488 2174 524 2248 6.
539 2172 764 2243 Novembris.

587 2285 777 2382 Philippus
800 2284 1028 2358 Melanthon.

1192 1641 1213 1704 †
1233 1638 1269 1692 Er
1281 1657 1376 1711 apogr.
1389 1639 1418 1694 in
1432 1641 1493 1695 cod.
1506 1639 1589 1695 Goth.
1603 1638 1666 1695 899.
1683 1657 1711 1710 6.
1728 1639 1774 1693 stt
1784 1638 1812 1695 b,

1127 2104 1169 2194 S.
1191 2126 1236 2201 D.
1285 2126 1427 2226 Eximie
1444 2128 1490 2204 D.
1505 2128 1657 2216 Doctor,
1682 2127 1750 2201 boc
1764 2146 1921 2222 tempore
1943 2143 2020 2200 tum
2046 2129 2117 2198 mi-

1127 2229 1268 2299 serabili
1286 2232 1372 2322 quid
1390 2232 1487 2302 aliud
1503 2233 1608 2302 amici
1624 2233 1767 2302 1666666
1783 2233 1935 2302 scribere
1957 2244 2117 2323 possunt,
2215 2224 2217 2231 ⁴

1128 2331 1196 2399 nisi
1216 2332 1399 2427 querelas?
1443 2331 1513 2402 Ubi
1531 2333 1611 2426 quis
1623 2334 1740 2418 dolet,
1765 2333 1885 2412 aiunt,
1910 2332 1962 2401 ibi
1978 2355 2115 2401 manns.

1127 2431 1201 2502 Nos
1220 2428 1367 2502 hicnon
1389 2433 1472 2502 satis
1492 2434 1615 2510 mirari
1641 2456 1826 2526 possumus
1848 2457 1980 2502 novum
2004 2447 2038 2503 et
2057 2434 2117 2501 in-

1128 2533 1290 2603 auditum
1317 2555 1427 2623 genus
1455 2535 1640 2625 perfidiae,
1672 2536 1774 2629 ‘quod
1797 2531 1877 2603 Dux
1899 2527 2116 2629 Mauritius

97 2615 308 2690 Nassum
581 2695 583 2699 ,
936 2634 970 2696 6.
985 2623 1065 2689 Nor.
1128 2634 1312 2724 coniungit
1331 2657 1366 2702 66
1383 2659 1461 2705 curn
1478 2637 1668 2706 deterrimo
1690 2649 1848 2705 monstro
1871 2635 2031 2704 omnium
2046 2633 2117 2703 Pa-

92 2719 305 2760 »a«,
593 2809 601 2827 .
658 2809 666 2827 .
915 2715 1076 2745 Μ
1128 2737 1320 2828 pistarurn,
1360 2758 1441 2826 rege
1480 2736 1646 2808 videlicet
1683 2729 1949 2817 Ferdirrando,
1992 2749 2116 2806 contra

465 2800 705 2889 stadum&
813 2894 821 2905 .
1128 2860 1230 2907 suum
1254 2852 1463 2926 cognatum,
1494 2838 1655 2908 vicinum
1686 2852 1721 2908 et
1749 2838 1981 2923 nutritorem,
2003 2860 2116 2928 prae-

157 2978 299 3065 Editoma
320 2981 453 3064 §auberto
471 2984 499 3036 in
515 2984 672 3055 appendice
692 2983 739 3039 lib.
754 2983 802 3038 lV.
821 2981 928 3055 epistol.
944 3000 973 3054 p.
987 2981 1032 3039 28.
1052 2993 1079 3039 ct
1128 2939 1220 3008 clare
1243 2941 1287 3008 de
1309 2938 1386 3056 11350
1407 2951 1441 3007 et
1466 2951 1564 3030 patre
1589 2938 1774 3056 meritus&
1800 2953 1841 3056 εἰ
1860 2938 2004 3030 quidem
2029 2933 2115 3007 haec

190 3066 220 3103 ιιι
231 3049 345 3121 tenpus
356 3051 457 3121 6666666.
471 3050 598 3109 Wioeb.
618 3053 650 3106 Τ.
664 3053 685 3108 t.
701 3072 730 3125 ρ.
746 3052 802 3108 686.
1127 3040 1256 3109 6661666
1271 3041 1361 3108 166666
1375 3064 1539 3109 excusare
1555 3040 1704 3125 volunt,
1729 3062 1758 3107 66
1773 3040 1843 3109 dns
1861 3039 1991 3129 placet,
2017 3040 2114 3129 quol

137 3138 143 3142 ’
451 3203 460 3223 ,
667 3146 676 3153 “
924 3207 931 3225 ,
1127 3137 1290 3210 6661666
1318 3140 1453 3210 bellum
1481 3140 1658 3231 pertineat
1683 3141 1727 3209 ad
1759 3161 1898 3209 causam
1917 3135 2114 3227 Evangelii,

125 3197 261 3274 3⁶⁶¹&
281 3197 501 3277 Amd‘m‘a‘
525 3196 709 3303 caspar
718 3231 766 3277 ¹⁴⁸
790 3195 962 3303 07¹¹⁶¹5¹
971 3230 1035 3296 ’ν’
1127 3243 1226 3312 cuius
1241 3265 1321 3311 66666
1338 3263 1373 3309 66
1388 3255 1579 3312 amatorem
1597 3236 1778 3333 perhiberi
1790 3239 1894 3321 velit,
1919 3253 2049 3324 tamen,
2073 3252 2115 3310 ut

427 3303 468 3383 S·
481 3300 614 3381 Thwl·
630 3303 741 3384 Dm·
1126 3341 1333 3433 accipimus,
1365 3365 1438 3410 non
1461 3343 1580 3411 minus
1603 3341 1794 3412 crudeliter
1814 3340 1925 3410 saevit
1938 3341 1977 3409 in
1990 3336 2113 3409 Evan-

91 3423 282 3535 Cygneom
297 3440 422 3510 urbem
437 3437 643 3526 honestam,
669 3456 705 3513 ct
719 3444 898 3515 custodem
919 3441 1079 3536 discipli·
1127 3443 1255 3532 gelicos
1283 3445 1499 3528 sacerdotes,
1538 3467 1643 3536 quam
1676 3443 1744 3511 ulli
1774 3441 1936 3530 Papistae
1968 3441 2112 3513 faciunt.

87 3566 154 3612 nae
168 3564 342 3624 severam,
367 3555 402 3611 et
418 3544 522 3612 nobis
537 3545 706 3628 amicam,
724 3545 910 3615 obsidione
927 3546 1076 3616 cinctam
1127 3539 1381 3613 chiclcaviam
1419 3544 1529 3613 cinxit
1567 3543 1773 3628 obsidione,
1814 3553 1848 3611 et
1881 3542 1998 3612 vicina
2033 3543 2111 3610 loca

89 3667 181 3727 6666,
207 3655 423 3727 6666666666;
451 3645 587 3736 quaesi
610 3645 718 3714 1666616
746 3646 865 3717 61661166
888 3660 949 3716 666
972 3670 1078 3716 occu·
1127 3645 1246 3715 omnia
1267 3634 1469 3734 occupavit,
1500 3645 1597 3713 unde
1621 3643 1651 3712 si
1683 3666 1719 3713 se
1753 3641 1987 3733 expediverit,
2024 3643 2112 3737 quil

86 3758 187 3835 pata,
213 3742 384 3813 exercitus
407 3740 546 3834 hostilis
568 3738 638 3813 huc
660 3747 866 3816 adducetur.
914 3743 992 3816 Etsi
1014 3771 1079 3816 au·
1127 3742 1186 3816 hic
1207 3744 1304 3816 aliud
1328 3744 1433 3814 nobis
1453 3746 1707 3837 expectandum
1730 3758 1801 3824 est,
1838 3743 1910 3812 nisi
1940 3758 1981 3815 ut
2005 3743 2112 3814 nobis

90 3860 163 3916 tem
180 3866 378 3936 speramus,
403 3842 520 3915 Deum
533 3845 779 3935 mitigaturum
801 3870 876 3916 esse
899 3841 964 3916 has
985 3849 1079 3916 cala·
1127 3847 1260 3918 bellum
1282 3846 1428 3931 inierat,
1452 3859 1487 3917 ct
1505 3841 1595 3916 hanc
1608 3847 1821 3916 academiam
1836 3857 1989 3930 evertat,
2013 3845 2110 3938 quod

88 3948 244 4030 mitates,
279 3958 415 4029 tamen,
447 3970 528 4016 cum
560 3943 618 4016 hic
645 3960 759 4018 metus
790 3947 837 4018 sit
869 3948 1077 4030 obsidionis,
1127 3944 1297 4019 hactenus
1312 3945 1447 4017 nullius
1463 3945 1625 4039 Papistae
1640 3948 1783 4017 saevitia
1799 3946 1964 4038 perlicere
1983 3946 2112 4039 potuit.

87 4048 213 4119 utilius
245 4061 297 4116 est
326 4060 466 4118 tenerae
494 4047 622 4133 aetati,
659 4043 747 4117 hinc
762 4050 901 4139 ,abesse
933 4064 1079 4144 propter
1125 4047 1216 4120 Nam
1230 4072 1296 4119 nos
1309 4049 1347 4118 in
1360 4043 1418 4117 his
1433 4047 1598 4140 periculis
1612 4047 1779 4119 iussimus
1793 4049 2013 4118 iuventutem
2033 4046 2107 4115 dis-

88 4150 200 4221 multa
215 4148 388 4240 pericula,
414 4160 448 4218 66
463 4149 579 4218 varios
595 4149 822 4219 obsidionum
839 4165 995 4224 eventus.
1028 4148 1078 4221 Et
1126 4151 1261 4224 cedere.
1338 4147 1511 4220 Fortassis
1550 4149 1662 4244 aliqui
1692 4151 1839 4221 lectores
1870 4147 2040 4240 recipient
2070 4167 2111 4215 se

87 4249 333 4321 lllustrissimo
354 4247 516 4339 Principi
538 4246 696 4319 Electori
722 4249 773 4320 sic
799 4251 915 4320 visum
940 4265 991 4321 est
1019 4251 1077 4323 di..
1126 4249 1423 4341 Magdeburgam,
1448 4250 1478 4320 si
1500 4253 1607 4322 modo
1630 4251 1681 4321 ihi
1701 4252 1805 4321 nobis
1830 4250 1928 4319 locus
1951 4247 2109 4338 dabitur,

85 4352 300 4422 mittendum
317 4365 455 4420 coetum
472 4347 730 4423 scholasticum.
781 4334 1077 4442 eranqrramigi-
1124 4353 1220 4444 quod
1243 4351 1349 4422 audio
1372 4374 1432 4420 eos
1455 4353 1626 4443 gravatim
1651 4353 1816 4423 facturos.
1878 4347 1930 4420 lta
1949 4344 2108 4419 Ecclesia

85 4467 148 4525 tur
169 4454 364 4522 dolendum
387 4465 455 4536 666,
487 4450 650 4543 6116616661
673 4447 764 4522 16666
785 4448 960 4537 scholam,
985 4476 1075 4546 quae
1124 4466 1157 4522 et
1173 4451 1223 4542 pii
1239 4448 1437 4524 scholastici
1455 4478 1500 4523 666
1525 4455 1667 4546 quidem
1692 4454 1787 4545 apud
1809 4473 1893 4521 66666
1914 4449 2015 4521 facile
2039 4445 2108 4520 ho-

86 4550 215 4625 barum
238 4554 422 4642 regionum
443 4549 619 4624 Ecclesias
633 4550 667 4641 ¹)
693 4553 750 4644 pie
771 4554 921 4644 erudiit,
955 4566 1074 4624 tamen
1122 4553 1267 4645 spitium
1283 4553 1483 4630 inveniunt.
1534 4549 1744 4636 OChriste,
1768 4552 1902 4645 respice
1917 4575 1984 4622 nos
1999 4552 2108 4621 mise·

84 4656 284 4726 necessitati
300 4676 497 4743 pareamus.
548 4650 601 4724 Ac
616 4653 769 4725 liberum
784 4655 831 4726 sit
847 4654 976 4740 cuivis,
1001 4679 1073 4751 qno
1121 4678 1200 4738 ros,
1225 4667 1260 4725 ct
1273 4678 1371 4725 serva
1390 4651 1583 4727 Ecclesiam
1597 4668 1714 4739 tuam,
1739 4668 1772 4724 et
1787 4655 1916 4744 6666166
1936 4677 2010 4724 666
2033 4669 2106 4726 tam

84 4758 200 4839 volet,
225 4757 386 4845 migrare.
437 4753 508 4826 Sed
529 4749 597 4826 hoc
621 4756 776 4825 officium
799 4757 930 4827 iustum
953 4770 987 4827 et
1010 4779 1074 4829 ne-
1120 4755 1295 4848 papistas,
1319 4781 1424 4851 quam
1440 4757 1598 4850 illosqui
1613 4780 1709 4826 nunc
1729 4756 1928 4846 gloriantur
1948 4779 2022 4825 sese
2045 4779 2108 4825 ev-

82 4858 272 4929 cessarium
291 4871 361 4939 est,
385 4870 425 4927 ut
441 4856 571 4945 singuli
593 4857 828 4928 creditoribus
848 4857 1075 4945 satisfaciant,
1120 4857 1318 4948 angelicos,
1349 4859 1414 4928 etsi
1438 4858 1632 4951 plurimum
1653 4853 1737 4928 huic
1758 4858 1940 4929 doctrinae
1965 4869 2113 4930 nocent..

81 4960 291 5053 priusquam
316 4958 498 5029 discedent
515 4953 562 5050 ²).
613 4952 738 5051 Aliqui
757 4983 798 5027 ex
820 4959 1010 5031 lectoribus
1032 4960 1071 5029 in
1119 4956 1158 5030 Si
1175 4959 1305 5051 poterit
1318 4959 1444 5028 umbra
1462 4959 1635 5053 quaedam
1651 4955 1792 5031 scholae
1806 4958 1945 5031 restitui
1957 4955 2106 5047 Magde-

80 5060 240 5151 vicinam
264 5061 387 5131 orbem
402 5053 703 5154 Magdeburgam
722 5082 759 5131 66
774 5062 969 5149 conserent,
994 5061 1074 5151 ubi,
1119 5059 1270 5150 burgae,
1312 5051 1513 5158 Philippos
1541 5085 1583 5130 eo
1614 5085 1652 5134 se
1673 5063 1845 5146 66616666,
1876 5082 1981 5154 quem
2005 5058 2105 5151 sequi

772 5184 774 5188 ’
1118 5161 1268 5238 decrevi.
1319 5159 1416 5232 Deus
1431 5161 1592 5236 restituat
1606 5163 1713 5236 nobis
1722 5163 1911 5235 salutarem
1927 5183 2062 5252 pacem.

116 5344 143 5410 1)
163 5342 246 5401 Seub.
263 5345 430 5405 Ecclesiam.
675 5410 684 5420 κ
1151 5350 1180 5420 b)
1197 5350 1283 5411 saut.
1293 5363 1427 5421 66666666.

114 5432 144 5499 2)
159 5434 268 5502 prr'usq.
278 5433 349 5517 61166.
363 5430 531 5489 desideretur
542 5431 571 5488 in
583 5426 685 5506 seitpt.
1151 5437 1182 5508 4)
1198 5435 1281 5496 Such.
1293 5453 1424 5495 61166666.
