4748 6022
323 287 373 360 99

325 459 373 530 Et
387 462 477 530 illud
497 455 681 528 Theocriti

361 590 486 668 Miror,
514 582 687 667 ὦαοιμὰν,
712 586 749 650 τὸ
772 584 842 649 τεὸν
860 583 970 665 μέλος,
994 578 1064 665 iisd
1080 578 1211 660 καταχές

370 674 438 755 Τὴν
452 671 514 737 ἀπὸ
529 677 587 748 τᾶς
600 672 714 756 πέτρας
727 671 938 750 καταλείβεται
953 666 1078 747 inroitu
1091 664 1195 750 ὕδωρ,

326 822 414 891 quos
432 820 554 866 versus
570 796 619 865 sic
636 796 792 866 reddidit
805 790 993 864 Eobanus:

390 925 525 1005 Thyrsi,
554 934 637 986 tunm
659 942 780 986 emmer
802 932 924 985 nostrae
946 918 1105 980 iocundius
1127 915 1213 993 auri,

393 1010 492 1087 Qnaru
515 1028 591 1087 qnae
613 1009 821 1089 praecipitans
846 1006 911 1068 alto
932 1009 968 1068 de
991 1023 1066 1080 rupe
1090 999 1180 1064 suavi

391 1097 564 1157 Murmurat
585 1097 667 1155 unda
689 1114 774 1156 sono.

328 1219 443 1302 Deus,
485 1230 648 1286 aeternus
687 1229 786 1308 pater
824 1211 869 1281 Ι).
903 1211 1017 1280 nostri
1060 1206 1141 1278 lesu
1176 1197 1321 1284 Christi,

330 1335 453 1391 auctor
491 1342 599 1386 venae
636 1330 732 1397 tuae,
776 1339 881 1409 quem
915 1311 1088 1395 celebras,
1125 1322 1159 1377 te
1196 1315 1321 1374 servet.

331 1422 460 1513 Spero,
496 1421 679 1513 aliquanto
703 1431 781 1509 post
808 1417 912 1486 etiam
938 1413 1084 1483 iustiora
1111 1405 1265 1500 praemia
1287 1419 1321 1474 te

331 1526 602 1614 impetraturum
633 1544 716 1591 esse.
775 1514 842 1603 Et,
879 1516 909 1585 si
942 1516 1078 1596 vivam,
1108 1534 1184 1580 non
1216 1509 1320 1575 deero

331 1626 385 1696 tui
411 1624 596 1692 similibus.
655 1621 843 1694 Rectorem
870 1632 904 1689 et
928 1614 1111 1686 Decanum
1138 1610 1221 1699 eligi
1256 1607 1322 1676 scis

331 1725 500 1796 Calendis
530 1723 650 1795 Maiis.
711 1721 781 1792 Sed
815 1718 952 1790 etiamsi
984 1715 1131 1798 abieris,
1170 1733 1236 1780 nos
1269 1707 1320 1778 tui

332 1830 506 1899 rationem
541 1821 763 1898 habebimus.
821 1821 893 1893 Sed
927 1832 968 1890 ut
1000 1814 1215 1907 stipendium
1243 1835 1321 1879 cum

333 1931 530 2000 accessione
552 1926 712 2017 accipias,
739 1923 865 1992 vellem
893 1935 926 1990 te
951 1919 1072 1989 venire
1098 1928 1178 1984 aute
1204 1911 1322 2004 proxi-

332 2056 431 2101 mum
459 2030 544 2099 anni
571 2030 823 2120 quadrantem,
857 2019 1022 2091 videlicet
1047 2017 1185 2086 circiter
1207 2010 1325 2104 Lipsi-

333 2157 389 2202 cas
424 2131 615 2201 nundinas.
681 2114 863 2196 Castnero
902 2146 991 2216 quae
1028 2141 1145 2188 remus
1191 2117 1324 2196 loenm3

333 2237 392 2304 sed
426 2230 609 2303 occasione
643 2251 732 2321 opus
767 2244 836 2309 est,
873 2238 913 2295 ut
948 2223 1024 2292 scis.
1083 2218 1219 2288 Nuntio
1262 2230 1324 2283 tuo

334 2337 416 2404 dedi
450 2356 588 2423 grossos
621 2330 760 2418 viginti.
819 2327 926 2398 Mitto
952 2323 1020 2395 tibi
1047 2322 1182 2411 aliquot
1209 2339 1324 2386 esem-

334 2438 392 2528 pla
433 2451 577 2504 tuorum
618 2432 832 2523 optimorum
866 2450 1043 2496 versuum.
1105 2418 1203 2489 Bene
1238 2418 1324 2502 vale,

337 2539 393 2606 die
419 2535 455 2609 5.
483 2535 598 2626 April.
1094 2522 1119 2551 '⁸

830 2640 1020 2738 Philippus
1046 2633 1273 2713 Melanthon.

342 2873 1326 2904 ...-....-...-------·-------·-

685 3239 744 3324 Μ.
779 3235 979 3344 Helioga.

408 3402 485 3474 †Er
505 3397 670 3469 autographo
689 3395 771 3458 Met..
794 3394 866 3462 quod
885 3389 1059 3461 llegiomont.
1079 3396 1231 3443 asservatur
1248 3386 1325 3456 [O.].

340 3550 565 3630 Clarissimo
587 3548 664 3616 uiro
688 3539 889 3614 eruditione
913 3550 944 3610 et
966 3540 1093 3608 uirtute
1108 3536 1326 3632 praestanti,

341 3659 394 3735 D.
421 3648 658 3727 Mauritio
683 3642 895 3737 Heiiing,
918 3640 1144 3736 gubernanti
1159 3634 1326 3712 scholam

571 3748 825 3828 Islebianam,
856 3744 975 3815 amieo
997 3767 1084 3829 suo,

340 3881 387 3971 S.
411 3894 456 3967 D.
509 3890 647 3961 Scimus
672 3883 747 3955 Deo
774 3902 877 3950 curae
904 3900 976 3946 csse
1001 3875 1152 3966 puerilia
1175 3872 1328 3962 agmina,

342 4003 432 4071 sient
464 3994 617 4063 affirmat
649 3988 723 4076 ipse
757 3982 850 4051 lilius
881 3981 950 4049 Dei
981 3979 1159 4069 inquiens:
1202 3968 1331 4066 angeli

341 4123 462 4173 eorum
497 4112 634 4184 semper
665 4080 785 4155 rident
812 4079 952 4183 faeiem
983 4076 1115 4174 patris.
1176 4074 1260 4144 Ideo
1295 4087 1329 4142 et

341 4207 493 4275 libenter
512 4192 597 4264 huic
620 4189 736 4259 coetui
760 4185 962 4270 serviamus,
984 4195 1018 4250 et
1038 4180 1199 4260 sciamus,
1223 4174 1330 4246 simul

341 4330 409 4376 nos
434 4301 510 4371 Deo
535 4318 637 4366 curae
664 4314 736 4360 esse
760 4313 838 4357 cum
866 4285 968 4373 ipsis,
1001 4296 1033 4352 et
1053 4280 1204 4351 assidere
1226 4276 1331 4345 nobis

343 4406 484 4494 angelos
518 4411 630 4469 castos
662 4392 821 4461 custodes
847 4384 975 4456 hornm
1002 4382 1192 4472 agminum.
1252 4376 1331 4449 Hac

905 273 1339 354 EPISTOLARUM
1397 278 1504 355 LlB.
1536 277 1583 356 X.
1637 276 1767 353 1546.

2290 281 2366 352 100

1366 463 1524 542 exspecto
1566 451 1719 521 reditum
1763 449 1916 519 doctoris
1956 442 2167 517 Michaelis
2206 444 2363 536 Tenen,

1365 576 1435 645 quo
1463 547 1625 621 adhibito
1652 553 1816 634 audiam,
1849 573 1938 643 quae
1970 551 2016 620 sit
2042 553 2208 621 voluntas
2234 547 2364 646 Sigis-

1364 647 1499 722 mundi
1522 654 1566 722 de
1595 651 1741 735 studiis,
1776 666 1810 721 et
1836 652 1937 720 vobis
1961 655 2197 743 respondebo.
2260 651 2362 725 Bene

1366 757 1464 840 vale,
1490 754 1549 823 die
1579 754 1621 822 V.
1647 752 1793 845 Aprilis.

1961 847 2056 922 Phil.
2083 852 2313 929 Melanthon.

1368 1189 1435 1260 No.
1451 1184 1563 1260 8434.

1376 1282 1547 1312 Μ

2230 1198 2262 1262 5.
2280 1191 2362 1273 Apr.

1644 1383 1788 1465 Maior
1817 1382 1879 1463 od
1906 1383 2075 1466 Ianam.

1437 1546 1457 1606 ᾧ
1474 1541 1512 1594 Ει
1526 1536 1680 1612 apographo
1696 1539 1724 1593 ln
1739 1541 1802 1595 eod.
1815 1538 1896 1594 Goth.
1908 1539 1951 1592 28.
1966 1557 1992 1610 p.
2005 1539 2030 1592 9.

1521 1687 1548 1761 Ι
1556 1699 1627 1761 nst
1636 1713 1657 1758 o
1679 1685 1708 1758 I
1714 1711 1827 1760 onae
1855 1681 2038 1780 Georgius
2065 1680 2212 1755 Maior.

1370 1813 1468 1899 Cum
1516 1826 1713 1913 Imperator
1755 1820 1995 1912 iniquissimas
2035 1818 2259 1887 conditiones
2300 1839 2363 1885 suo

1372 1930 1485 1997 edicto
1520 1925 1624 1994 nobis
1652 1925 1868 2015 imponeret,
1911 1944 2036 2010 nempe
2078 1919 2226 1988 istarum
2253 1918 2364 1986 aetio-

1372 2055 1459 2099 num
1490 2027 1630 2096 nullom
1657 2025 1855 2115 exemplum
1885 2023 2083 2092 mitteretur
2112 2017 2364 2089 illustrissimis

1372 2130 1597 2220 Principibus
1631 2125 1778 2206 nostris,
1815 2146 2018 2217 quanquam
2041 2122 2193 2189 maxime
2217 2121 2363 2190 interest

1372 2231 1532 2302 omnium
1548 2226 1786 2298 Ecclesiarum
1801 2224 1887 2296 talia
1901 2225 1999 2304 scire,
2025 2223 2226 2293 iuramento
2241 2243 2363 2291 omnes

1371 2334 1626 2423 obligaremus,
1666 2352 1731 2397 nos
1765 2328 1858 2397 nulli
1890 2324 2094 2395 mortalium
2131 2320 2233 2412 (haec
2265 2321 2363 2392 enim

1372 2448 1473 2504 erant
1510 2432 1616 2502 edicti
1652 2426 1792 2525 verba)]
1815 2429 2004 2521 quiequam
2033 2422 2099 2495 hac
2128 2428 2172 2495 de
2202 2448 2240 2493 re
2278 2437 2365 2494 ante

1373 2536 1579 2605 relationem
1602 2535 1727 2602 iactam
1746 2530 1952 2620 imperatori
1966 2527 2062 2602 Max.
2079 2525 2365 2597 communicatu-

1372 2661 1445 2707 ros:
1477 2635 1681 2726 scripsimus
1695 2628 1781 2703 haec
1796 2628 2038 2702 lllustrissimo
2050 2627 2212 2720 Principi
2225 2641 2365 2705 nostro,

1373 2738 1434 2832 qui
1452 2736 1601 2828 singulis
1616 2734 1777 2827 expensis
1793 2757 1858 2803 nos
1881 2731 2070 2804 revocavit.
2121 2728 2173 2800 lta
2197 2729 2270 2797 iam
2291 2729 2366 2798 col-

1373 2840 1533 2933 loquium
1557 2838 1657 2931 quasi
1676 2859 1885 2928 suspensum
1906 2848 1940 2903 et
1960 2834 2155 2902 dilatatum.
2213 2828 2255 2902 Si
2278 2854 2366 2922 pro-

1372 2942 1504 3034 positae
1519 2939 1653 3009 fuerint
1668 2937 1925 3007 tolerabiliores
1940 2935 2172 3018 conditiones,
2198 2944 2233 3002 et
2244 2930 2365 3000 omni-

1373 3069 1419 3113 no
1451 3042 1545 3112 volet
1576 3039 1705 3130 Imper.
1737 3039 1818 3107 {ieri
1851 3037 2088 3128 cognitionem
2120 3038 2164 3105 de
2195 3033 2359 3104 doctrina

1372 3159 1511 3228 nostra,
1548 3143 1694 3212 fortasse
1734 3139 1939 3211 instituetur
1972 3141 2098 3210 iterum
2135 3135 2364 3228 colloquium.

1372 3248 1443 3320 Sed
1477 3245 1584 3315 audio
1618 3241 1870 3335 Imperatorem
1904 3237 1990 3311 haec
2020 3266 2093 3310 non
2128 3238 2220 3308 serio
2250 3256 2362 3325 agere.

1372 3347 1519 3419 Caetera
1551 3370 1669 3416 reram
1696 3344 1765 3414 tibi
1796 3344 1988 3435 aliquando
2019 3365 2205 3430 exponam.
2266 3335 2362 3408 Vale.

1374 3449 1583 3538 Vitebergae
1603 3450 1637 3520 d.
1655 3443 1691 3519 5.
1707 3442 1843 3536 Aprilis
1861 3441 1968 3515 1546.

2230 3812 2263 3871 6¹.
2287 3768 2363 3889 Apri

2220 3895 2362 3923 Μ

1374 3812 1439 3882 Νο.
1457 3802 1569 3878 8435.

1380 3901 1551 3935 w

1720 3986 1845 4068 Iusto
1869 3986 2015 4068 Ionae.

1444 4146 1515 4214 †Er
1529 4133 1673 4200 eitteenn.
1689 4140 1820 4197 Ballanst.
1834 4139 1925 4197 vott.
1941 4158 1968 4210 p.
1982 4136 2065 4199 46¹³..
2084 4136 2129 4206 qui
2143 4153 2204 4189 earn
2219 4136 2363 4210 descripslt

1479 4216 1570 4270 eeod.
1584 4212 1703 4268 Gudian.
1720 4210 1884 4283 Guelpberb.

1554 4364 1625 4438 Ph.
1651 4360 1839 4437 Melanth.
1869 4360 1896 4434 I
1904 4373 2006 4434 usto
2032 4359 2185 4435 Ionae.

344 4526 377 4581 te
403 4501 643 4577 consolatione
667 4494 884 4572 confirmato,
910 4500 944 4556 et
959 4508 1084 4603 spera,
1108 4479 1223 4551 Deum
1244 4505 1331 4599 eon·
1376 4494 1478 4588 Cum
1503 4540 1623 4586 earum
1645 4513 1841 4595 actionum,
1874 4535 1962 4603 quas
1986 4511 2091 4581 vestri
2116 4506 2176 4580 hic
2197 4512 2363 4587 institue,

344 4622 563 4681 servaturum
578 4623 650 4670 esse
677 4609 794 4667 coetus
808 4591 1031 4709 'discentrum
1058 4597 1100 4701 et·
1114 4581 1331 4655 docentium.
1376 4633 1480 4702 mm,
1504 4630 1641 4686 tamum
1664 4614 1783 4683 audit,
1806 4613 1851 4682 ,ig
1874 4606 1955 4682 heri
1975 4605 2166 4705 πρότασις,
2202 4610 2296 4686 nihil
2318 4621 2361 4693 d,

342 4711 445 4828 Nun}
480 4722 522 4823 et¹
545 4704 694 4821 «illesum
728 4714 919 4770 m⁰⁵¹⁰⁰¹¹¹³
954 4713 1021 4804 ‚qm
1055 4700 1159 4801 ‘¹¹³9‘
1185 4699 1331 4754 venum
1376 4720 1425 4790 eis
1440 4718 1590 4787 seribere
1607 4739 1759 4806 possum.
1811 4713 1988 4807 Principis
1999 4713 2219 4785 voluntatem
2233 4716 2364 4793 bonam

342 4817 474 4908 Pinssstv
500 4808 565 4877 [¹¹³¹
590 4798 810 4870 ⁰⁰¹¹¹¹¹¹⁰¹¹d⁰·
860 4784 1146 4882 N⁰l¹b⁶rir⁷m⁸¹⁸
1172 4799 1241 4870 θεῖ’
1266 4809 1331 4854 ¹¹³·
1376 4810 1467 4897 esse,
1502 4841 1565 4888 vos
1586 4818 1657 4910 ipsi
1678 4818 1799 4890 nostis.
1851 4814 1946 4887 Deus
1968 4815 2091 4902 faciat,
2113 4816 2365 4892 utilectereod

343 4892 944 5014 ¹¹1⁸Pllseminsslsfflvang‘lllv
974 4906 1009 4960 ⁰²
1031 4913 1127 4959 ”¹¹⁰⁰
1151 4882 1331 5025 ⁰¹2h³¹¹¹¹ff
1375 4919 1589 5013 aequitatem
1621 4920 1702 4989 illos
1734 4921 1865 5011 possit,
1905 4942 2067 5011 quorum,
2087 4918 2300 5009 disceptator
2331 4935 2368 4993 et

344 5031 406 5090 est.
463 5012 602 5128 quffl
637 5015 688 5071 θεῖ
721 5022 796 5067 ‘¹¹¹⁸
828 4987 1014 5066 waldus
1041 4984 1194 5110 emas,
1213 4986 1239 5083 )
1289 4983 1330 5104 S}
1376 5017 1562 5116 διαιτητὴς
1584 5046 1657 5093 nno
1681 5023 1829 5092 consilio
1843 5022 1953 5090 factus
1969 5033 2029 5089 est.
2080 5019 2241 5103 Scribam
2258 5023 2369 5112 igitur

343 5129 458 5214 potest
490 5137 525 5181 el
555 5111 654 5177 locus
686 5123 778 5185 0⁵⁵⁸,
818 5109 1019 5213 q¹¹³⁰⁸⁰‚¹{l
1055 5118 1134 5165 ⁹⁰¹⁰
1169 5115 1231 5175 ¹¹⁸⁹
1267 5112 1330 5184 ‘1⁰¹
1375 5125 1523 5216 privata.
1573 5123 1785 5194 Memoriam
1808 5122 1931 5190 mortis
1953 5114 2118 5191 Lulheri
2135 5123 2203 5188 alia
2222 5124 2369 5213 piorum

343 5228 523 5317 praesunt,
548 5203 785 5281 effluendi&
834 5197 890 5269 De
915 5190 1158 5292 S¹ffl⁸mund⁰
1189 5187 1329 5267 ΨΜ
1375 5228 1561 5296 doctorum
1582 5227 1708 5295 funera
1723 5238 1758 5293 et
1782 5236 1954 5293 renovant
1967 5240 2002 5295 et
2013 5224 2205 5294 tristiorem
2219 5225 2371 5304 iaciunt.

1374 5326 1466 5397 Nam
1504 5328 1598 5396 intra
1631 5328 1721 5395 duos
1750 5348 1887 5394 menses
1925 5325 2106 5395 amisimus
2143 5317 2370 5412 Lutherum,

375 5485 407 5557 a,
426 5482 533 5538 caesa
542 5475 562 5530 t.
575 5492 601 5534 e.
618 5471 739 5540 Kayser.
753 5465 817 5523 vid.
834 5482 880 5538 ep.
897 5463 931 5519 ut
944 5461 1049 5519 These.
1066 5458 1095 5516 d.
1111 5462 1152 5518 ιο.
1167 5461 1240 5530 Aug.
1253 5454 1329 5513 1545.
1375 5416 1602 5513 Cordalum,
1635 5420 1860 5512 Lucanum,
1891 5451 1995 5521 quern
2010 5421 2244 5520 Norlingam
2258 5431 2372 5501 mise.

342 5381 555 5403 --—-·—
