4748 6022
188 4852 193 4861 ¹
217 4855 424 4871 —m—

204 190 256 266 28
325 277 328 283 .
789 180 1227 264 EPISTOLARUM
1283 180 1391 264 LlB.
1416 182 1463 257 X.
1515 178 1648 259 1546.
2188 182 2239 256 24

209 367 270 437 dio
300 366 584 437 benevolentiam
616 377 767 435 vestram
796 388 933 459 semper
962 358 1038 435 fore
1070 374 1196 454 sperat,
1249 357 1317 442 tes,
1342 358 1516 447 fugientes
1532 356 1639 427 idola.
1697 351 1800 423 Hanc
1816 352 2014 423 societatem
2030 352 2061 421 si
2075 352 2242 443 intelligit

209 468 391 559 petiverit,
432 480 472 538 ut
511 463 597 538 haec
632 469 875 541 scriberemus.
942 466 1015 537 Nos
1058 486 1199 558 quoque
1250 459 1374 529 foedus
1388 454 1583 542 Ecclesiae,
1608 456 1711 526 doleo
1727 456 1801 525 eius
1819 455 1943 527 vicem.
1994 451 2089 523 Haec
2107 455 2242 544 scripsi,

209 569 365 638 vicissim
397 582 515 638 nostra
546 569 660 638 officia
692 567 738 641 R.
762 567 807 641 D.
831 568 978 639 Vestrae
998 579 1199 637 reverenter
1251 574 1291 631 ut
1314 560 1450 639 videas,
1485 582 1554 651 qua
1576 559 1671 627 nitar
1688 579 1817 626 ancora
1835 557 1874 624 in
1889 557 1995 627 tantis
2012 555 2242 624 dissidiorum

211 670 412 741 deferimus.
475 666 573 739 Bene
611 685 645 741 et
680 671 830 740 feliciter
863 672 978 740 valeat
1005 667 1049 740 R.
1079 664 1125 740 D.
1154 664 1200 738 V.
1251 661 1527 752 tempestatibus.
1587 656 1753 730 Susteuto
1776 658 1873 726 enim
1892 681 1950 725 me
1969 650 2026 724 his
2050 657 2183 726 verbis:
2211 656 2241 724 si

209 767 278 840 Dic
295 772 410 863 primo
426 767 531 846 Febr.
551 767 659 846 1546.
1252 763 1332 855 quis
1368 762 1485 851 diligit
1515 784 1589 845 me,
1632 781 1810 830 sermones
1839 781 1936 828 meos
1964 758 2136 842 servabit,
2178 770 2243 826 etc.

622 905 713 996 Aug·
740 903 893 980 Schurff·
918 903 962 978 D·
1251 862 1348 933 Bene
1362 864 1450 935 vale.
1502 859 1647 936 Calend.
1668 861 1773 959 Febr.
1791 855 1902 934 1546.

626 1005 716 1081 Geo.
731 1003 873 1092 Rhaw,
897 1000 1149 1102 typographus.
1353 1003 1539 1078 Adamum
1573 1010 1641 1080 tibi
1673 1010 1882 1080 commendo
1916 1004 2106 1077 honestum
2141 1003 2241 1071 iuve-

264 1174 352 1256 (Met.
372 1178 570 1259 composuit.)
585 1174 620 1258 *)
1251 1133 1346 1185 nm

223 1423 442 1436 m

1251 1523 1438 1601 Noaaot.

218 1588 285 1662 Nc.
301 1591 413 1664 8366.
792 1609 793 1612 ’
1026 1600 1197 1720 Q
1250 1621 1421 1648 »am
2071 1577 2241 1650 ζον-ζ

487 1909 489 1913 Ι
573 1797 635 1879 Μ,
669 1792 846 1882 collino,
1605 1721 1659 1808 Ν.
1687 1722 1893 1806 Medlem.

1321 1881 1345 1933 E
1368 1882 1431 1935 cod.
1455 1880 1551 1937 navari
1573 1881 1605 1962 l.⁶
1618 1900 1647 1953 p.
1666 1881 1745 1937 1054.
1769 1881 1910 1938 anemio
1934 1897 1977 1952 ep.
1995 1879 2040 1935 62
2058 1879 2143 1943 edita,
2167 1898 2241 1937 nunc

282 1954 358 2023 †Er
376 1971 469 2025 apogr.
488 1955 516 2008 in
535 1954 599 2011 cod.
618 1954 704 2008 Paris.
723 1954 759 2008 D.
777 1956 812 2006 L.
827 1954 891 2008 54³.
1353 1966 1385 2003 cx
1403 1949 1499 2003 codem
1519 1950 1662 2021 descrrpta.

213 2101 404 2200 Magistro
435 2097 655 2176 Mattlno
690 2097 899 2191 Collino,
932 2104 971 2173 in
999 2097 1201 2176 Academia
1380 2093 1495 2167 Dom.
1519 2092 1631 2167 Doct.
1656 2090 1865 2170 Nicolao
1891 2086 2114 2167 Mcdlcro.

608 2199 804 2299 Progensi.
1251 2225 1295 2314 S,
1322 2240 1367 2315 D.
1418 2241 1626 2313 Reverendo
1647 2240 1692 2315 Ι).
1716 2240 1870 2328 Doctor,
1897 2258 1933 2314 et
1955 2242 2066 2312 amice
2086 2241 2241 2338 cariss.¹)

213 2319 258 2409 S.
284 2340 330 2414 D.
381 2341 593 2413 Doctissime
610 2353 645 2409 et
660 2337 1001 2409 carissimeColline.
1049 2335 1202 2409 Etiamsi
1251 2343 1330 2414 Etsi
1358 2342 1427 2434 piis
1455 2345 1623 2412 omnibus
1657 2343 1695 2410 in
1725 2356 1821 2412 tanta
1844 2345 2052 2413 confusione
2073 2345 2244 2414 maxima-

212 2446 351 2533 fingunt
366 2447 500 2532 poetae,
523 2453 701 2511 ortosesse
718 2435 880 2507 homines
896 2462 937 2507 ex
953 2437 1059 2507 saxis:
1085 2454 1203 2510 tamen
1253 2470 1334 2516 rum
1344 2441 1373 2540 ²)
1390 2446 1543 2535 optanda
1561 2468 1657 2513 mors
1673 2459 1741 2530 est,
1766 2467 1855 2537 quae
1871 2456 1922 2514 est
1936 2446 2004 2514 iter
2020 2446 2063 2514 ad
2079 2446 2242 2516 dulcissi.

213 2570 271 2614 me
292 2546 405 2613 fateor
429 2543 534 2610 molle
562 2555 683 2631 pectus
704 2536 852 2619 habere,
886 2564 925 2609 ac
950 2563 1050 2630 saepe
1066 2542 1203 2608 moveri
1252 2545 1747 2616 mamconsuetudinemcum
1761 2544 1858 2630 Deo,
1883 2542 2062 2631 lilioDci,
2086 2542 2243 2638 prophe-

215 2661 249 2716 εἰ
275 2643 415 2715 contuli
446 2643 659 2712 clamOribUS
682 2641 985 2742 ὃᾶνθΐξὸΐῑθΐΰῐΰ.
1020 2641 1083 2734 qui
1107 2643 1205 2711 voci·
1254 2649 1299 2718 tis
1324 2661 1360 2716 et
1383 2646 1569 2739 apostolis,
1602 2659 1721 2716 tamen
1737 2647 1875 2740 aliquos
1890 2646 2038 2716 idoneos
2053 2649 2096 2716 ad
2112 2650 2242 2736 guber-

213 2750 392 2825 ferantur,
433 2769 499 2813 nos
522 2745 707 2814 seditiosos
728 2765 800 2812 esse
825 2755 859 2812 et
881 2737 1057 2811 Ecclesiae
1076 2737 1205 2817 hostes.
1254 2748 1437 2818 nationem
1458 2750 1578 2817 vivere
1601 2771 1739 2816 necesse
1759 2761 1812 2817 est
1832 2761 1976 2838 propter
1994 2745 2187 2818 Ecclesiam
2208 2764 2244 2818 et

215 2848 328 2939 Saepe
350 2847 459 2936 igitur
483 2870 621 2915 mecum
642 2846 802 2936 disputo,
834 2868 898 2913 cur
926 2865 1066 2913 necesse
1086 2845 1132 2915 sit
1153 2871 1204 2930 ea,
1254 2844 1446 2927 πολιτείας.
1504 2847 1623 2938 Quare
1638 2849 1762 2934 doleo,
1794 2872 1860 2916 nos
1874 2850 2030 2918 amisisse
2045 2850 2242 2941 principem
2326 2900 2333 2921 .

217 2974 305 3044 quae
337 2950 519 3030 docemus,
557 2947 730 3033 retinere,
771 2971 810 3015 ac
839 2946 1003 3036 disputo,
1045 2947 1205 3036 sepositis
1254 2945 1497 3044 Emestum³)
1518 2964 1676 3039 tempore
1690 2951 1793 3018 valde
1806 2949 1959 3035 difficili3
1993 2944 2241 3022 doleoetLo-

216 3053 396 3122 interdum
424 3048 538 3117 titulis
565 3049 719 3139 partium
748 3071 787 3118 ac
809 3047 1019 3131 factionum
1062 3072 1206 3140 quaero,
1255 3074 1382 3120 nerum
1410 3048 1586 3120 Ecclesiae
1617 3073 1700 3119 suae
1736 3065 1897 3142 ereptum
1927 3074 2017 3137 csse,
2056 3075 2095 3119 ac
2121 3065 2240 3120 metuo

215 3154 321 3247 quid,
361 3174 425 3219 cur
452 3149 676 3218 sentiendum
704 3152 764 3234 sit,
805 3162 840 3217 et
870 3149 908 3216 in
933 3144 1000 3218 hac
1031 3150 1204 3221 sententia
1253 3175 1416 3242 magnam
1440 3152 1515 3221 fore
1539 3164 1573 3220 et
1595 3151 1828 3241 perniciosam
1846 3177 1888 3221 co
1905 3154 1983 3222 loco
2000 3153 2244 3221 mutationem.

216 3254 419 3347 acquiesco,
453 3275 533 3319 cum
557 3275 630 3320 non
652 3252 762 3321 simus
778 3247 964 3340 Epicurei,
997 3253 1057 3319 sed
1074 3253 1205 3320 sentia-
1253 3253 1350 3323 Deus
1372 3265 1486 3322 servet
1510 3253 1588 3343 pios
1616 3253 1868 3343 gubernatores
1891 3255 2025 3347 ubique
2048 3255 2240 3323 terrarum!

215 3379 295 3424 mus
311 3377 391 3421 vere
410 3374 482 3419 esse
498 3348 631 3436 Deum,
665 3367 698 3423 et
720 3349 811 3421 hanc
826 3353 938 3442 ipsam
953 3353 1149 3422 doctrinam
1167 3354 1205 3420 in
1252 3352 1329 3443 Ego
1354 3345 1428 3423 non
1450 3377 1529 3423 sum
1552 3354 1948 3441 missusRatisbonam,
1978 3358 2040 3424 sed
2060 3348 2243 3446 Georgius

215 3454 374 3526 Ecclesia
386 3476 449 3540 per
461 3447 650 3541 propbetas
666 3466 701 3521 et
716 3453 892 3542 apostolos
906 3455 1071 3524 traditam
1085 3477 1204 3523 veram
1253 3451 1408 3539 Maior,
1435 3480 1455 3524 a
1478 3481 1548 3549 quo
1577 3458 1737 3525 nondum
1752 3459 1871 3525 literas
1895 3455 2101 3542 accepimus.
2151 3453 2243 3522 Nam

217 3580 289 3626 esse
322 3573 356 3625 et
384 3554 541 3631 firmam,
591 3555 785 3622 necessario
825 3576 901 3620 eam
936 3556 1139 3624 discendam
1170 3568 1205 3624 et
1254 3559 1405 3648 opinor,
1439 3558 1597 3647 primum
1638 3578 1697 3622 eos
1732 3556 1868 3622 venisse
1896 3551 2130 3622 Ratisbonam
2159 3570 2241 3622 ante

216 3657 496 3749 amplectendam
535 3675 608 3721 esse
647 3677 783 3725 censeo.
849 3651 1010 3745 Cumque
1043 3668 1204 3724 aeternus
1255 3660 1451 3729 octiduum.
1514 3652 1589 3722 Alii
1625 3653 1801 3736 scribunt,
1840 3653 2002 3723 nondum
2040 3653 2148 3723 fuisse
2184 3659 2242 3723 in-

187 3754 315 3850 'pater
349 3759 391 3826 de
420 3755 601 3840 filiosuo,
636 3755 783 3825 domino
804 3768 925 3824 nostro
950 3752 1029 3824 lesu
1050 3752 1205 3843 Christo,
1255 3754 1400 3829 choatos
1422 3777 1627 3844 congressus
1649 3753 1880 3823 eruditorum.
1932 3753 2109 3823 Viennam
2127 3759 2244 3826 redie-

216 3859 379 3929 crucifixo
408 3881 472 3946 pro
503 3856 608 3925 nobis
637 3870 671 3927 et
694 3859 915 3940 resuscitato,
957 3858 1068 3927 dicat:
1108 3853 1205 3928 hunc
1254 3873 1338 3930 runt
1361 3857 1483 3947 legati,
1522 3856 1584 3948 qui
1607 3855 1767 3945 proximo
1791 3853 1925 3926 lulioa
1952 3854 2110 3926 Venetiis
2128 3861 2243 3927 solve-

215 3960 352 4031 audite!
396 3982 523 4052 sequor
538 3953 633 4027 hunc
656 3964 691 4031 c't
706 3961 812 4029 audio
831 3959 869 4026 in
882 3955 1057 4043 Ecclesia,
1091 3960 1204 4044 idest,
1253 3974 1357 4045 runt,
1397 3953 1476 4053 ιη’)
1501 3957 1662 4026 inducias
1687 3981 1706 4025 a
1730 3956 1883 4028 Turcico
1905 3971 2058 4055 tyranno
2074 3973 2245 4050 peterent.

215 4063 423 4133 circumfero
463 4059 684 4128 eruditorum
726 4061 925 4131 sententias.
989 4058 1085 4129 Haec
1124 4085 1203 4128 cum
1255 4057 1433 4131 Adierunt
1458 4059 1566 4128 unius
1589 4061 1675 4127 anni
1700 4053 1910 4153 ἆνακωχήν.
1968 4060 2076 4131 Mitto
2102 4062 2169 4130 tibi
2182 4085 2245 4152 pa-

214 4165 327 4247 facio,
360 4187 433 4231 non
460 4160 558 4229 aliud
581 4183 690 4248 genus
713 4163 893 4231 doctrinae
916 4162 954 4228 in
972 4162 1204 4231 fontibusin-
1255 4164 1373 4251 gellas.
1443 4159 1485 4229 lu
1515 4162 1653 4251 legibus
1683 4164 1813 4230 nostris
1843 4163 1881 4230 in
1912 4161 1981 4230 fine
2013 4162 2245 4233 contiuncula

215 4267 320 4334 venio
339 4288 445 4357 quam
461 4263 554 4356 quod
571 4262 736 4352 amplecti
752 4288 806 4333 me
824 4265 983 4332 ostendo.
1032 4261 1205 4332 Necsunt
1254 4263 1403 4334 Paulina
1447 4275 1628 4356 utcunque
1672 4265 1814 4333 recitata
1852 4277 1920 4346 est,
1974 4286 2079 4354 quam
2127 4264 2242 4351 legito.

217 4368 386 4436 obscurae
411 4363 686 4448 controversiae,
725 4388 790 4432 nec
816 4365 972 4433 difficilis
996 4365 1204 4434 diiudicatio
1256 4363 1405 4434 Gaudeo
1429 4378 1463 4434 te
1490 4367 1608 4434 abesse
1630 4388 1649 4431 a
1670 4363 1880 4452 Nauburga,
1910 4375 2013 4454 teque
2029 4388 2113 4450 oro,
2136 4365 2243 4433 utfo-

217 4481 269 4536 est
304 4466 528 4534 mediocriter
567 4464 690 4536 doctis.
755 4461 910 4535 Tantum
951 4460 1020 4534 hoc
1050 4466 1206 4557 postulat
1255 4490 1335 4535 veas
1356 4465 1535 4536 Ecclesiae
1560 4464 1827 4534 Brunsvicensis
1849 4463 2084 4533 concordiam.
2144 4461 2241 4532 Bene

223 4561 398 4658 Vitus¹),
430 4578 472 4634 ut
503 4566 731 4656 profiteamur
765 4589 831 4635 nos
862 4567 951 4635 velle
987 4567 1099 4636 socios
1133 4590 1205 4635 esse
1256 4570 1342 4641 vale.
1395 4567 1551 4638 Salutem
1576 4579 1658 4656 opto
1681 4562 1726 4632 D.
1747 4558 1890 4656 Nigro,
1928 4564 2006 4633 viro
2029 4563 2241 4636 doctissimo.

218 4667 497 4760 parricidarum,
530 4667 592 4759 qui
616 4667 842 4751 interficiunt¹
856 4663 1017 4736 homines
1034 4669 1206 4736 innocen·
1254 4667 1323 4738 Die
1338 4670 1571 4749 faustissime,
1596 4692 1665 4758 quo
1685 4667 1777 4735 lilius
1794 4665 1860 4736 Dei
1876 4666 1914 4734 iu
1931 4667 2101 4756 templum
2116 4664 2243 4735 allatus

1255 4773 1430 4858 ostendit,
1474 4792 1510 4836 se
1541 4767 1815 4857 primogenitum
1841 4792 1914 4838 esse
1936 4765 2163 4859 praecipuum
2186 4769 2242 4837 di-

1263 4973 1468 4993 Μ

251 4985 280 5055 *)
297 4984 400 5040 Utrum
413 4982 478 5036 baec
493 4981 576 5036 verba
591 4977 659 5035 lecta
671 4983 772 5037 luerint
791 4985 819 5037 in
834 4984 943 5045 codice.
967 5001 1001 5036 an
1014 4981 1149 5052 adscripta
1162 4983 1204 5036 iu·

287 5052 360 5108 dicio
379 5048 579 5116 Ballenrtedtii,
609 5067 667 5102 nou
693 5050 803 5121 quidem
823 5052 941 5125 dicitur,
971 5051 1018 5105 sed
1038 5050 1096 5104 sinc
1121 5051 1205 5107 dubio

287 5121 415 5177 Ballanst.
437 5139 466 5203 ea
486 5118 552 5200 legit
568 5119 597 5201 ip
615 5119 719 5203 codice.
763 5119 865 5204 Utiqpe
884 5120 951 5176 baec
971 5119 1083 5202 epistola
1095 5119 1206 5174 Melan-

286 5191 397 5245 tbonem
418 5207 464 5260 qur
482 5205 634 5260 saepusrme
650 5189 766 5243 eborum
788 5208 940 5245 amucorum
961 5207 1075 5244 nomme
1089 5189 1205 5262 scripsit,
1288 5179 1315 5245 Ξ)
1333 5173 1455 5243 E¹⁰ldl¹²
1479 5190 1589 5242 “mma
1612 5170 1769 5228 V²¹⁸i¹1¹l¹⁶·

287 5269 427 5315 auctorem
442 5257 540 5313 babere
552 5266 649 5327 potest.
1287 5258 1316 5328 8)
1335 5256 1497 5327 Ernestum,
1523 5257 1632 5309 Ducem
1650 5251 1900 5319 bureburgensem.

254 5347 282 5411 t)
301 5346 381 5402 Vitus
402 5342 597 5401 Amcrbachius
613 5343 643 5400 in
656 5344 806 5423 ¹Academia
822 5343 1029 5415 lngolstadiam.
1288 5344 1316 5412 t)
1334 5348 1366 5394 ut
1382 5337 1479 5411 scripsi
1497 5355 1549 5409 pro
1566 5354 1615 5404 ac,
1646 5333 1720 5404 quod
1738 5333 1821 5390 codex
1838 5333 1926 5390 babet.

1289 5095 1317 5160 1)
1335 5090 1407 5145 Haec
1423 5090 1502 5142 Dana
1532 5086 1721 5160 praetermisit.
