4748 6022
163 153 240 229 stt
748 150 1178 230 EPISTULARUM
1242 156 1352 233 LlB.
1386 157 1434 237 X.
1495 156 1631 235 1646.
2132 162 2207 236 ste

167 339 268 413 sunt3
302 351 411 421 quare
434 328 609 420 optimum
632 349 705 398 esse
727 329 832 414 duxi,
865 342 905 398 ut
928 352 985 398 me
1010 324 1069 398 hie
1092 328 1160 398 ali·
1213 343 1307 402 terea
1329 346 1452 418 emnt,
1479 347 1520 405 ut
1542 357 1663 428 spero,
1693 333 1966 404 deliberationes
1981 332 2025 402 de
2039 355 2142 424 paee,
2168 335 2209 402 in
2330 322 2338 329 ’

168 431 327 524 quandiu
350 431 580 504 continerem.
632 428 686 499 Te
710 444 827 500 tamen
849 425 1103 500 humanissime
1128 443 1161 499 et
1214 433 1344 525 quibus
1372 435 1402 502 si
1430 460 1547 505 meam
1577 438 1682 506 etiam
1705 436 1912 529 opinionem
1940 436 2065 505 audire
2087 448 2208 505 noster

169 532 294 600 eximie
318 528 363 600 D.
381 533 430 605 D.
450 556 555 620 rogo,
580 544 637 611 ut,
665 533 694 601 si
715 533 797 601 licet
819 557 882 623 per
903 533 1162 623 occupationes,
1213 534 1384 625 Princeps
1416 537 1531 619 volet,
1567 540 1683 607 dicam
1716 563 1798 609 vere
1833 539 1929 631 quod
1961 537 2087 609 sentio.
2147 531 2208 607 Ad

166 628 256 701 mihi
272 632 466 727 aliquande
483 634 663 722 significes,
690 635 752 726 qui
768 635 868 704 urbis
884 649 1016 703 vestrae
1032 635 1077 704 sit
1090 648 1162 703 sta-
1213 630 1504 731 Landgravt'um
1528 641 1586 708 vel
1604 641 1643 707 in
1658 637 1723 709 hac
1740 640 1883 728 regione
1901 641 1957 709 vel
1974 640 2012 706 in
2031 662 2093 709 sua
2109 662 2209 709 acce-

167 746 223 805 tus
247 735 287 803 in
308 729 367 803 his
388 736 618 818 tumultibus,
646 748 681 804 et
703 736 732 804 si
749 736 835 828 quid
857 739 900 804 de
915 735 1045 804 nostris
1062 759 1160 804 exer·
1215 742 1308 813 dam.
1345 739 1416 810 sed
1433 765 1529 811 nunc
1546 755 1689 834 expecto
1706 737 1734 832 7)
1749 733 2106 811 Camerariiliteras.
2140 735 2208 810 Ioss

167 832 298 906 ritibus
314 839 356 905 ad
374 834 580 906 Danubium
597 832 773 906 habueris.
808 836 898 906 Nam
915 833 973 905 hic
990 838 1089 931 quasi
1103 862 1163 906 ex·
1214 834 1519 914 hannemretinui
1532 847 1576 913 ad
1591 844 1856 912 describendam
1867 844 2086 927 concionem,
2099 865 2208 935 quam

166 949 222 1008 tra
248 940 422 1008 mundum
450 938 558 1030 positi
585 934 678 1006 nihil
703 940 866 1009 audimus
894 939 1040 1028 dignum
1062 952 1172 1008 men-'
1214 945 1358 1018 adferet.
1398 943 1497 1016 Bene
1511 946 1626 1016 valeat
1639 943 1821 1016 Celsitudo
1838 958 1964 1015 vestra.
1997 941 2065 1014 Die
2078 942 2207 1014 Luciee

166 1040 278 1110 tione.
1217 1041 1372 1142 1546⁸).
1513 1109 1514 1112 ,

272 1141 422 1212 Videtur
439 1141 522 1212 Dux
537 1135 753 1210 Mauritius
773 1143 906 1211 minari
930 1143 1033 1213 nobis
1058 1143 1162 1211 dissi·
1627 1147 1654 1232 †
1669 1147 1882 1220 celsitudini
1899 1161 2033 1218 vestrae
2048 1149 2207 1221 addictus

167 1244 348 1336 pationem
365 1239 587 1329 Academiae,
614 1246 709 1337 quod
725 1245 882 1336 profecto
898 1268 963 1314 nee
983 1243 1079 1335 Papa
1097 1268 1162 1312 nee
1814 1246 1881 1322 Ph,
1896 1248 1949 1323 Μ,
1960 1245 2002 1342 ⁹),

167 1341 297 1415 Caesar
313 1346 478 1437 perficere
496 1346 678 1436 potuisset.
730 1344 771 1414 ld
796 1371 842 1414 an
866 1347 1012 1435 dignum
1032 1347 1078 1415 sit
1098 1346 1161 1413 illo
1497 1370 1499 1374 ⁸

167 1448 348 1540 principe,
373 1448 534 1539 quivult
557 1471 593 1515 se
615 1448 833 1536 evangelicae
856 1449 1037 1517 doctrinae
1053 1460 1162 1516 secta-

168 1561 282 1618 torem
297 1562 332 1618 et
347 1550 567 1617 defensorem
580 1543 773 1639 perhiberi,
790 1551 851 1619 alii
865 1550 1034 1619 iudicent.
1061 1547 1163 1619 Certe
1225 1584 1291 1653 No·
1306 1584 1402 1658 3651
1796 1587 1870 1667 (13.
1886 1585 1960 1649 Dec.
1978 1584 2158 1665 gemm)

167 1647 398 1739 Witteberga
423 1646 592 1720 hactenus
609 1652 677 1721 suit
692 1653 791 1721 sedes
807 1664 842 1720 et
856 1653 1162 1742 propugnaculum
1218 1636 1430 1717 sasai«
1744 1680 2207 1718 w

168 1753 397 1843 praecipuum
415 1765 537 1820 contra
555 1748 673 1822 hostes
687 1751 893 1840 Evangelii,
920 1778 995 1821 non
1013 1754 1052 1820 in
1070 1749 1163 1820 Ger·
1592 1790 1634 1873 P
1671 1791 1809 1873 Ehem

168 1854 288 1923 mania
313 1866 470 1937 tantum,
501 1854 562 1922 sed
586 1855 625 1921 in
644 1866 717 1924 tota
732 1850 887 1945 Europa.
940 1852 1011 1923 Sed
1025 1850 1163 1922 hocse-
1630 1853 1641 1874 ’
1810 1856 1820 1877 ’

169 1956 290 2026 culum
312 1955 427 2024 acrius
447 1967 579 2045 pugnat
603 1950 793 2046 sophistice
817 1979 921 2047 quam
939 1957 1047 2022 armis
1061 1968 1093 2023 et
1109 1956 1163 2022 vi·
1313 1949 1398 2022 Etlss·
1412 1950 1456 2003 ΗΒ·
1471 1949 1507 2006 ¹¹·
1521 1968 1548 2021 P·
1563 1952 1621 2005 141.
1642 1951 1703 2019 (ed.
1715 1951 1804 2004 ¹⁴⁰³&
1822 1951 1870 2004 tib.
1882 1949 1916 2005 ¹¹·
1932 1968 1974 2020 ep.
1987 1948 2065 2017 ¹²⁸·l·

168 2057 281 2129 ribus.
334 2054 387 2125 Te
409 2056 514 2124 etiam
536 2078 642 2144 rogo,
669 2069 725 2138 ut,
752 2057 781 2123 si
798 2057 883 2148 quid
904 2057 973 2124 loci
991 2058 1084 2147 apud
1100 2078 1162 2123 vos
1280 2102 1287 2111 ·
1466 2096 1539 2175 -D
1575 2100 1613 2176 P
1685 2105 1702 2178 l
1755 2105 1827 2177 Εὐ

168 2153 226 2226 his
240 2158 468 2227 tumultuosis
482 2158 701 2248 temporibus
716 2153 805 2225 mihi
820 2170 883 2226 aut
900 2159 969 2225 mei
986 2158 1163 2225 similibus
1541 2157 1551 2177 ⁰
1616 2134 1674 2178 Μ
1708 2134 1729 2179 ⁰
1838 2131 1914 2177 ΗΟ

168 2258 353 2327 literarum
375 2260 542 2327 studiosis
565 2283 638 2326 esse
660 2272 779 2348 putes,
813 2259 1002 2349 significes,
1038 2259 1163 2327 simul·
1211 2238 1256 2329 S.
1282 2258 1327 2333 D.
1380 2255 1552 2328 Amanter
1574 2272 1609 2329 et
1629 2274 1669 2329 ut
1692 2261 1791 2328 decet
1806 2259 1902 2326 viros
1918 2259 2040 2325 doctos
2055 2267 2088 2323 et
2103 2253 2209 2325 intel·

168 2383 256 2451 que,
289 2360 320 2426 si
341 2372 455 2449 potes,
489 2360 639 2429 consilio
660 2360 816 2431 adiuves.
867 2356 1033 2430 Christus
1057 2374 1090 2428 te
1107 2360 1162 2427 vi·
1213 2359 1360 2449 ligentes
1382 2361 1531 2443 fecistis,
1566 2362 1662 2453 quod
1685 2356 2209 2450 talitemporeamicisstipen-

167 2460 284 2529 cissim
307 2474 399 2549 tegat
421 2475 525 2553 teque
544 2462 687 2530 adiuvet
708 2463 747 2529 in
772 2462 991 2531 sanctissimo
1014 2485 1162 2530 munere
1213 2462 1272 2529 dia
1296 2463 1372 2530 sine
1396 2461 1620 2530 contentione
1636 2462 1791 2533 misistis.
1844 2457 1975 2548 Accepi
1991 2458 2085 2525 enim
2102 2480 2209 2547 pecu-

166 2562 317 2630 doceudi
331 2558 529 2650 Evangelii,
549 2588 620 2655 quo
636 2564 793 2651 fungeris
808 2564 878 2632 iam
895 2564 959 2634 diu
973 2588 1052 2632 cum
1069 2564 1163 2630 mul·
1213 2563 1309 2631 niam
1326 2564 1566 2652 obsignatam,
1592 2577 1625 2632 et
1643 2557 1751 2631 hodie
1769 2562 1905 2630 doctori
1923 2553 2135 2652 Augustino
2149 2580 2209 2626 ex·-

166 2674 284 2733 torum
309 2664 419 2733 salute
443 2678 478 2734 et
496 2665 607 2755 gloria
625 2665 739 2733 divini
756 2665 921 2738 nominis.
972 2663 1070 2734 Beue
1086 2664 1162 2732 vale
1213 2658 1332 2750 hibui,
1366 2678 1399 2733 et
1422 2664 1523 2733 vobis
1545 2689 1624 2734 meo
1649 2678 1683 2733 et
1704 2664 1898 2732 amicorum
1920 2662 2064 2731 nomine
2080 2659 2208 2749 gratias

166 2777 201 2833 et
216 2766 329 2835 saluta
343 2764 555 2854 Magistrum
571 2758 783 2863 Carporum
799 2765 994 2851 Decanum,
1021 2759 1162 2837 etPht-
1212 2790 1287 2856 ago.
1340 2765 1434 2835 Illud
1459 2778 1575 2836 autem
1600 2767 1766 2857 explicate
1788 2761 1880 2833 mihi
1895 2765 2043 2848 scribas,
2068 2785 2113 2830 an
2132 2759 2222 2846 int-q

168 2861 309 2963 lippum
325 2864 518 2958 parochum
533 2871 575 2937 ad
594 2869 859 2959 praedicatores.
911 2868 1044 2940 Datum
1061 2868 1162 2958 Mag·
1211 2862 1353 2963 βάλλον
1374 2864 1484 2963 μέρος
1500 2881 1697 2939 vestrorum
1712 2867 1970 2958 stipendiorum
1985 2889 2048 2932 vos
2065 2885 2208 2952 accepe-

167 2969 345 3058 deburgae
361 2967 491 3039 Luciae
506 2971 545 3038 in
561 2968 696 3041 Bruma
714 2969 824 3045 1546.
1211 2973 1300 3044 ritis.
1359 2968 1429 3040 Hic
1459 2970 1566 3040 audio
1596 2983 1748 3063 quatuor
1777 2969 1953 3037 mensium
1977 2965 2143 3033 inducias
2168 2962 2206 3029 in

741 3072 1110 3146 loannesMorcellus.
1211 3069 1346 3141 Saenia
1370 3073 1499 3155 factas,
1529 3071 1618 3163 quae
1638 3072 1776 3140 utinam
1793 3094 1912 3161 pacem
1927 3067 2076 3158 parient.
2128 3060 2205 3152 Ego

1212 3175 1277 3243 etsi
1300 3175 1408 3242 variis
1430 3174 1615 3241 doloribus
1638 3173 1837 3256 excrucior,
1871 3183 1987 3239 tamen
2011 3167 2205 3235 amicorum

1212 3300 1294 3344 cura
1320 3277 1423 3344 etiam
1455 3296 1584 3362 angor,
1619 3298 1727 3366 quare
1756 3286 1872 3341 tecum
1894 3271 2078 3362 colloquar
2098 3289 2205 3359 quam

167 3370 362 3445 Nattabu.
511 3398 513 3402 ·
741 3391 798 3452 13.
814 3381 910 3448 Decb.
939 3382 1136 3460 (Servesne.)
1211 3377 1367 3466 primum
1391 3375 1560 3467 expatiari
1582 3389 1715 3466 potero.
1766 3373 1871 3443 Nunc
1895 3373 1989 3439 enim
2012 3381 2204 3439 cumcerto

174 3467 347 3495 Μ
698 3476 1155 3513 *m
1210 3479 1400 3547 nunciatur
1438 3471 1613 3572 Lipsiam
1655 3489 1825 3544 venturus
1863 3468 2042 3557 Macedo,
2086 3471 2205 3539 literas

435 3544 618 3661 Georgio
639 3550 896 3643 Anhalil‘no.
1212 3573 1400 3647 Ioaehimi
1413 3594 1566 3668 expecto.
1618 3573 1857 3670 Typographo
1876 3576 1971 3645 dieas
1986 3597 2042 3642 me
2061 3572 2204 3642 additu-

235 3702 425 3776 sparnum.
439 3704 735 3772 postumiano
751 3709 826 3776 (ean.
838 3681 1158 3783 saturnana).
1209 3707 1289 3751 rum
1307 3704 1379 3749 0⁵⁸⁶
1395 3681 1529 3774 aliquot
1545 3680 1709 3772 pagellas.
1759 3676 1858 3747 Bene
1876 3692 1909 3746 et
1926 3677 2075 3746 feliciter
2090 3674 2177 3741 vate.

267 3799 303 3813 -
321 3773 504 3845 Apographon
522 3774 550 3825 in
567 3774 628 3828 cod.
644 3777 730 3846 Lang.
746 3798 772 3848 p.
787 3781 827 3836 11.

981 3265 1158 3275 ...ι-

165 3900 369 4006 Illustriss.
394 3924 565 4029 Principi
585 3928 640 4004 D.
667 3927 869 4030 Georgia
896 3931 1107 4009 Anhnltino
1127 3950 1158 4010 et
1220 3980 1287 4053 No·
1305 3978 1416 4053 3662·
1608 3923 1609 3926 Ἴ
2013 3979 2095 4057 (thri.
2110 3977 2144 4037 h,
2161 3976 2201 4057 g)

579 4032 743 4106 Ascanio
1214 4078 1426 4112 m
2023 4062 2194 4095 Μ

166 4145 209 4236 S.
237 4165 282 4238 D.
335 4164 576 4236 illustrissime
599 4166 780 4260 Princeps.
829 4168 964 4260 Magno
982 4169 1009 4266 ¹)
1033 4174 1070 4241 in
1092 4175 1157 4244 do·
1484 4161 1630 4244 Ioacit.
1662 4157 1941 4245 Camerari0.·

163 4267 239 4339 lore
266 4293 343 4385 sum
365 4283 508 4359 propter
532 4269 698 4387 patriam,
731 4274 779 4339 sic
802 4273 895 4339 enim
912 4271 941 4366 ²)
969 4299 1046 4343 vere
1069 4300 1156 4344 voco
1275 4320 1360 4392 Epist.
1375 4321 1407 4374 ad
1421 4318 1607 4374 camerarium
1627 4319 1726 4391 ptos.
1745 4307 2183 4387 (emona,151,‚1v,0p‚713‚),

164 4365 228 4441 has
250 4394 430 4459 regiones,
465 4395 529 4440 nee
551 4374 654 4440 vrdeo
678 4397 743 4441 nos
758 4369 786 4466 ³)
810 4369 975 4444 humanis
1000 4377 1156 4444 consiliis

163 4496 266 4565 posse
284 4470 314 4563 ⁴)
343 4473 495 4541 multum
524 4475 692 4564 proficere
720 4478 763 4544 ad
794 4476 1006 4565 mitigandos
1028 4471 1156 4560 hostes,
1206 4468 1431 4548 Clarissimo
1455 4477 1532 4549 viro
1557 4472 1757 4550 eruditione
1785 4479 1817 4540 et
1842 4467 1970 4538 virtute
1988 4467 2201 4565 praestanti

163 4575 224 4668 qui
247 4575 380 4643 interea
397 4575 441 4642 ab
458 4576 600 4644 armatis
617 4573 860 4669 irritantur⁸).
912 4575 1033 4648 Audio
1049 4580 1155 4648 indu·
1204 4577 1233 4652 I
1240 4576 1452 4652 oachimo
1484 4571 1754 4654 Camerario
1786 4571 1905 4642 amieo
1931 4580 1963 4640 et
1978 4569 2107 4668 fratri
2129 4594 2198 4642 suo

162 4678 232 4746 cias
248 4677 286 4745 in
303 4676 432 4746 Suevia
447 4670 482 4770 θ)
496 4691 648 4770 quatuor
662 4680 838 4749 mensium
853 4681 958 4750 factas
976 4704 1059 4754 esse.
1094 4679 1155 4750 ln-
1638 4674 1766 4750 cariss.

159 4814 380 4829 .......
1203 4815 1248 4905 S.
1275 4834 1320 4908 D.
1372 4832 1534 4904 Omnino
1558 4828 1674 4898 fatalis
1696 4849 1810 4917 poena
1831 4839 1900 4911 est,
1924 4820 2010 4894 haec
2023 4818 2197 4892 Thebana

197 4881 676 4956 l)Cod.Lang.Etiamcimaen0.
1233 4937 1241 4952 ,
1321 4937 1329 4953 ‚
1410 4937 1418 4951 ‚
1455 4935 1463 4950 ,
1503 4934 1511 4950 ,
1779 4930 1787 4945 .
1937 4928 1946 4945 .
2078 4925 2086 4940 .
2158 4923 2167 4940 .

1203 4932 1353 5006 hrstorra
1373 4948 1590 5017 trrstrssrma,
1623 4955 1729 5024 quam
1753 4931 1816 4999 dm
1836 4942 1967 5012 metur,
2002 4946 2196 4996 semmam

194 4971 228 5042 2)
245 4971 337 5034 enim]
354 4970 416 5025 cod.
429 4969 515 5041 Lang.
528 4972 602 5025 addit
618 4989 676 5026 vos.

194 5058 223 5128 8)
241 5076 291 5111 nee
303 5060 382 5109 uideo
393 5063 458 5120 nos]
477 5059 538 5114 cod.
554 5057 635 5128 hang.
649 5068 824 5113 tamencum
838 5062 958 5120 videam.

193 5145 224 5208 4)
243 5142 312 5198 cod.
326 5140 412 5211 Lang.
427 5158 487 5193 non
496 5159 589 5206 posse.
1236 5144 1269 5214 7)
1287 5144 1355 5201 cod.
1369 5142 1453 5213 lang.
1468 5139 1528 5195 Sed
1541 5141 1711 5207 expectabo,
1729 5136 1919 5211 praetermisso
1929 5152 2010 5191 nune.

192 5230 221 5294 5)
242 5227 311 5281 eod.
325 5227 413 5298 Leng.
425 5226 515 5278 addit:
533 5229 625 5281 neseio
639 5229 706 5298 qaid
721 5229 818 5298 agant.
1060 5236 1064 5241 ’
1237 5232 1264 5298 8)
1283 5233 1336 5286 Die
1353 5232 1453 5284 Laeioe
1471 5230 1548 5296 1546]
1567 5227 1629 5284 cod.
1643 5229 1730 5297 Lang.
1743 5235 1864 5279 tantums
1886 5222 1962 5278 tw.

190 5310 220 5378 6)
238 5310 268 5364 in
283 5307 386 5362 Saenia
400 5308 462 5365 eod.
478 5308 563 5380 Lena.
577 5327 633 5365 που
648 5311 738 5370 hebet.
1235 5320 1263 5391 9)
1284 5300 1448 5376 Cetaitiedini
1458 5328 1569 5372 vestrae
1580 5325 1634 5371 ete.
1647 5313 1720 5368 addit
1735 5309 1796 5367 eod.
1809 5306 1893 5378 hang.
