4748 6022
173 256 246 337 651
763 245 1198 331 EPISTOLARUM
1228 247 1359 325 ΗΒ.
1390 250 1437 325 Χ.
1492 247 1640 328 1547.
2140 244 2221 322 652

173 429 567 522 maooemtbostpsum.
617 424 720 496 Hanc
735 425 1011 496 consolationem
1028 447 1104 495 non
1122 422 1171 492 si-
1225 420 1415 509 inscriptae
1431 433 1523 503 sunt,
1549 420 1738 508 resignato,
1759 443 1799 488 ac
1816 414 1848 513 ⁴)
1866 419 1984 509 legito.
2023 419 2229 490 Benevole’

174 551 301 613 namus
324 533 429 603 nobis
452 532 552 623 eripi.
602 525 680 598 Oro
695 529 812 601 Deum
833 542 874 598 ut
896 542 930 597 et
955 540 988 596 te
1005 540 1041 596 et
1058 521 1171 595 hone·
1224 523 1263 590 in
1279 521 1482 592 Pentecoste
1502 517 1614 595 6066.
1646 516 1755 592 1647.

176 634 361 703 atissimam
376 634 559 721 coniugem
575 645 684 716 tuam,
700 643 734 700 et
750 644 857 702 totam
866 625 1060 703 Ecclesiam
1074 641 1170 699 tuam
1975 615 2070 694 Phil.
2084 620 2172 695 Mel.

175 734 403 804 domesticam
420 749 533 804 servet
549 733 774 802 incolumem.
826 729 934 798 Brevi
951 730 1040 798 istuc
1055 728 1171 810 venio,

174 841 313 905 tantum
347 836 442 902 enim
475 846 617 922 expecto
645 833 798 901 reditum
834 832 905 898 mei
931 828 1105 899 tabellarii
1129 852 1171 896 ex

183 931 422 1027 Wiedergo:
464 934 545 1001 misi
573 933 666 999 enim
692 957 732 1001 eo
759 956 875 999 meum
901 953 1098 1014 cursorem,
1131 952 1170 996 ac
1222 958 1289 1028 ΝΟ.
1308 959 1420 1027 3391·
2062 964 2223 1033 munii·

176 1036 300 1128 scripsi
316 1039 359 1105 de
374 1035 496 1104 vestris
510 1033 656 1102 aedibus
671 1035 712 1098 ad
733 1024 1042 1123 Obarnhargium.
1081 1028 1171 1098 Pro-
1229 1053 1401 1081 *vv
2042 1054 2216 1089 snm

174 1137 286 1207 fectus
311 1150 363 1206 est
385 1159 424 1204 eo
445 1148 479 1204 et
498 1130 542 1206 D.
559 1124 731 1199 Michael
745 1128 974 1223 Meienburg.
1025 1128 1170 1201 Caetera
1473 1135 1475 1139 ’
1518 1119 1564 1206 V
1559 1125 1620 1202 ild
1645 1122 1711 1209 W
1711 1123 1935 1205 inahemio.
2033 1225 2036 1229 ⁴

176 1261 306 1354 com}
356 1233 905 1326 Depubl‘miseriisnonsolum
923 1235 1002 1301 idco
1017 1228 1167 1350 nihilad
1290 1283 1416 1337 Strobelii
1431 1285 1502 1342 llltue
1514 1286 1654 1354 ffitnltdge.
1672 1285 1704 1338 P.
1717 1283 1752 1338 ll.
1772 1303 1800 1355 p.
1813 1284 1873 1339 306.
1909 1283 2092 1356 Apograpbon
2111 1284 2218 1339 incod.

174 1351 211 1407 te
227 1337 361 1418 scribo,
386 1360 430 1403 ne
447 1349 546 1403 tuum
566 1334 725 1402 dolorem
742 1357 898 1423 augeam,
923 1337 980 1401 sed
1000 1347 1102 1401 etiam
1117 1356 1169 1413 eo,
1324 1354 1406 1407 Goth.
1424 1354 1480 1406 191.
1500 1372 1527 1425 p.
1542 1353 1586 1406 65.

174 1439 270 1531 quod
298 1458 363 1504 nos
383 1437 495 1503 multo
520 1448 618 1518 ante,
645 1459 723 1504 cum
747 1458 866 1504 causas
881 1432 1007 1502 harum
1025 1432 1170 1501 calami-
1370 1509 1376 1526 .
1519 1504 1546 1524 -.
1722 1506 1729 1524 Ι
2045 1514 2054 1523 θ

98 1554 104 1567 “
173 1552 287 1609 tatum
303 1535 502 1605 confirmari
519 1535 728 1619 videremus,
754 1537 869 1604 tristes
885 1558 1014 1625 poenas
1032 1535 1170 1622 impen-
1222 1504 1281 1582 M·
1311 1506 1427 1582 ΗΟ
1460 1503 1774 1591 WmSllssmW,
1805 1505 2215 1606 (COlCWPOTCMagde-

175 1639 259 1707 dere
273 1637 475 1718 metuimus,
496 1633 594 1703 Deus
609 1631 695 1703 hacc
711 1637 856 1704 vulnera
870 1634 1045 1705 Ecclesiae
1061 1646 1169 1702 sanet.
1652 1608 1788 1705 burgi)

174 1736 272 1807 Bene
288 1739 376 1808 vale.
426 1734 469 1803 ln
486 1735 692 1805 Pentecoste
707 1736 818 1809 3056.
1223 1727 1419 1814 Carissimo
1433 1741 1526 1816 Vite.
1563 1741 1611 1813 Ut
1626 1737 1881 1813 Demosthenes
1897 1743 1934 1812 in
1952 1758 2130 1835 postremo
2147 1746 2221 1814 exi-

1222 1847 1271 1913 lio
1301 1842 1432 1913 mansit
1463 1846 1502 1911 in
1525 1840 1724 1927 Calauria‚.
1743 1845 1838 1912 unde
1866 1846 2044 1936 adspicere
2066 1846 2222 1916 vicinam

1222 1942 1377 2014 Atticam
1400 1946 1534 2034 potuit,
1568 1946 1617 2012 ita
1636 1969 1702 2011 nec
1726 1967 1788 2033 ego
1814 1947 1938 2036 procul
1962 1949 2103 2016 discessi
2119 1973 2138 2016 a
2152 1974 2222 2017 no-

172 2082 240 2155 NO·
255 2083 356 2153 3390
1000 2099 1046 2159 29
1073 2089 1149 2154 Maii
1223 2059 1313 2114 strae
1330 2043 1578 2114 Academiolae
1601 2045 1803 2115 dulcissima
1825 2048 1924 2131 sede,
1949 2063 1990 2117 ut
2006 2050 2136 2118 exitum
2154 2052 2221 2119 ob-

179 2138 367 2209 w'
992 2180 1163 2209 ww
1222 2146 1371 2216 sidionis
1387 2161 1614 2237 expectarem,
1637 2144 1823 2238 Deumque
1839 2150 1988 2218 assiduis
2005 2151 2096 2221 votis
2112 2164 2145 2218 et
2160 2175 2222 2238 ge-

505 2268 600 2354 Nic·
632 2267 843 2356 Medlero·
1222 2247 1368 2316 mitibus
1393 2249 1509 2332 oravi,
1539 2262 1576 2315 ut
1599 2261 1738 2315 nostros
1756 2248 1848 2316 cives
1864 2249 1915 2316 ibi
1928 2266 2095 2322 servaret.
2145 2249 2221 2319 Dc·

1222 2349 1357 2417 ditione
1381 2350 1470 2424 facta
1492 2373 1573 2416 mox
1602 2348 1680 2414 misi
1704 2350 1951 2431 conantium,
1980 2366 2015 2421 et
2035 2351 2158 2441 scripsi
2174 2355 2218 2421 ad

240 2428 639 2568 nzsszuzl'gcffilfflgssfptff
653 2429 696 2483 ⁷⁰·
707 2449 739 2481 ‘¹
752 2431 814 2484 ⁶⁰⁶·
829 2431 895 2486 ¹³²V·
909 2431 930 2486 ¹·
944 2449 970 2503 P·
985 2430 1061 2485 ¹⁰⁵²·
1089 2431 1169 2488 ΝΜ
1222 2441 1520 2540 Obernburgium
1561 2451 1604 2517 de
1647 2449 1770 2517 vestris
1807 2451 1963 2521 aedibus.
2035 2449 2216 2542 Epistolae

1222 2551 1418 2640 exemplum
1440 2551 1554 2621 mitto.
1605 2547 1678 2618 Vos'
1698 2575 1838 2642 quoque
1862 2575 1963 2642 spero
1984 2553 2052 2620 iam
2078 2577 2118 2619 eo
2143 2554 2211 2619 mi-

324 2649 417 2727 Dm.
433 2648 545 2724 Docl.
563 2647 607 2725 N
614 2648 768 2723 icolao
792 2649 1016 2730 Medlero.
1220 2651 1305 2719 sisse
1328 2651 1483 2719 nuntios.
1532 2649 1605 2721 Ubi
1627 2675 1726 2719 meus
1743 2651 1945 2720 tabellarius
1962 2652 2118 2735 redierit,
2145 2653 2211 2721 iter

172 2781 275 2871 Μ).
310 2783 600 2881 Reverenfflvir,
627 2768 1025 2894 &amicetarissimevn
1058 2799 1166 2888 Quod
1220 2754 1263 2819 ad
1298 2775 1359 2867 vos
1378 2753 1569 2867 ‘suscipiam
1595 2748 1669 2840 Deo
1692 2752 1846 2824 iuvante.
1908 2751 2009 2823 Hanc
2031 2753 2213 2844 epistolam

171 2903 283 2971 lenire
306 2902 464 2970 dolorem
484 2913 645 2968 nostrum
661 2901 760 2967 omni
779 2903 884 2969 officii
902 2925 1027 2990 genere
1044 2903 1082 2969 in
1100 2899 1167 2972 hoc
1219 2853 1302 2920 v⁰¹⁰
1323 2853 1389 2921 nin
1409 2877 1631 2970 communem
1655 2876 1727 2920 ⁰⁵⁵³
1750 2877 1830 2969 cum
1853 2848 2019 2922 Eram
2042 2871 2074 2971 et
2095 2848 2214 2921 Mar*

1220 2948 1329 3036 cello,
1362 2977 1478 3021 cariss.
1502 2977 1624 3021 amicrs
1646 2969 1679 3024 et
1702 2952 1858 3041 collegis,
1883 2981 1954 3044 quo
1973 2980 2116 3024 nomme
2137 2972 2216 3025 ute-

171 3017 292 3072 nostro
308 3002 412 3070 exilio
428 3013 573 3069 conatus
591 3024 638 3082 es,
664 3025 798 3092 nosque
816 3017 973 3072 amanter
989 3004 1165 3090 excepisti,
1274 3049 1277 3052 -
1402 3055 1411 3070 .
1573 3055 1582 3070 .
1688 3055 1697 3070 .
2121 3058 2129 3073 .
2205 3058 2214 3075 .

171 3119 205 3174 et
221 3104 333 3175 multa
352 3105 462 3170 inme
478 3102 646 3170 beneficia
662 3103 861 3186 contulisti,
887 3106 1034 3190 gratiam
1051 3105 1117 3172 tibi
1132 3119 1166 3177 el
1218 3076 1315 3140 Μ’
1347 3069 1411 3123 em
1435 3078 1489 3122 m
1514 3076 1638 3122 mssa
1663 3056 1835 3124 meatum
1885 3054 1955 3125 sed
1970 3056 2216 3126 Deusal¹c¹¹b¹

170 3205 297 3273 debere
319 3228 376 3272 me
398 3204 565 3293 profiteor
588 3217 622 3273 et
645 3199 777 3289 habeo,
809 3230 848 3273 ac
872 3203 987 3274 Deum
1010 3230 1092 3289 oro,
1125 3220 1166 3276 ut

169 3304 322 3373 vicissim
336 3305 402 3373 tibi
418 3319 452 3373 et
467 3304 536 3372 tuis
549 3305 750 3389 benefaciat,
769 3331 874 3400 quem
891 3307 958 3375 scis
973 3301 1040 3376 hoc
1057 3309 1165 3376 bene-

166 3406 324 3474 ficentiae
343 3427 470 3491 genere
486 3405 663 3474 delectari.
1008 3479 1014 3487 ,

269 3502 346 3572 Etsi
372 3518 488 3573 autem
510 3504 688 3589 ingentem
710 3504 920 3573 moestitiam
937 3530 1075 3575 mecum
1092 3510 1164 3576 cir-

167 3606 342 3686 cumfero,
372 3593 490 3671 tamen
510 3604 592 3693 quia
609 3603 747 3669 animus
763 3628 835 3671 non
853 3608 1017 3675 estradis
1034 3605 1164 3679 horum
1214 3586 1281 3656 N0·
1297 3588 1410 3660 3892·
1869 3603 1900 3662 1·
1914 3593 1983 3659 Iun.
1998 3594 2211 3677 (Nfflhm‘ffi)

168 3707 353 3787 dolorum,
383 3717 563 3794 utcunque
582 3697 615 3795 ²)
637 3727 693 3769 me
716 3705 822 3791 erigo.
872 3703 944 3774 Diu
967 3709 1161 3780 animante
1222 3684 1393 3713 Μ
1879 3693 2192 3757 m

162 3801 234 3876 boc
264 3819 401 3893 tempus
433 3827 560 3891 magno
583 3805 622 3871 in
646 3826 805 3873 moerore
826 3804 898 3891 fui,
931 3803 1162 3880 cumbarum
1578 3753 1644 3836 1⁰⁸
1667 3783 1697 3836 a
1714 3751 1846 3867 Berg‘

166 3907 405 3976 calamitatum
426 3927 544 3973 causas
564 3905 766 3979 confirmari
789 3906 872 3979 vidi.
925 3906 966 3978 si
986 3912 1162 4004 principes
1198 3993 1201 3997 ,
1282 3914 1904 4006 †Exspogrdnwdmang.panemo„

166 4008 322 4075 modeste
343 4005 596 4098 quaesivissent
618 4007 819 4092 veritatem,
845 4024 878 4079 et
895 4010 1161 4082 ornareEccle-
1214 4068 1255 4139 E
1302 4067 1374 4140 d„
1557 4070 1564 4089 ,
1881 4075 1889 4092 ,
2204 4078 2213 4097 .

166 4107 234 4174 sias
263 4130 343 4176 suas
373 4107 608 4190 studuissent,
653 4130 717 4177 nec
749 4110 969 4181 miscuissent
999 4114 1161 4203 publicae
1255 4098 1298 4141 η’
1328 4083 1438 4141 '²¹⁰⁰‘
1468 4080 1500 4139 εἰ
1528 4081 1655 4142 ‘’mu'‘
1677 4085 1886 4169 P⁷⁰‘⁸¹⁰''¹²
1908 4073 1965 4148 D·
1996 4072 2209 4148 I⁰P⁰W²¹

165 4231 288 4277 causae
303 4208 454 4298 privatas
470 4209 696 4298 cupiditates,
721 4209 887 4280 florerent
905 4226 939 4280 et
959 4214 1025 4302 ipsi
1042 4229 1074 4284 et
1091 4212 1161 4286 Ec·
1214 4199 1238 4241 α
1265 4169 1389 4290 Buff
1414 4169 1649 4291 Bessum&
1668 4175 1786 4244 “mim
1807 4201 1875 4294 1⁹⁰⁰
1899 4179 2101 4252 ⁶⁰⁷i⁸⁸²imffl
2159 4180 2210 4260 δα

141 4309 300 4381 clasiae.
359 4306 462 4376 Nunc
493 4305 607 4378 Deum
636 4333 795 4399 oremus,
828 4324 868 4379 ut
899 4309 983 4382 baec
1012 4318 1160 4389 vulnera
1213 4274 1341 4367 ΜΝ)
1370 4295 1402 4347 ¹¹¹
1432 4277 1486 4345 bet
1517 4275 1668 4364 §anduh
1717 4278 1779 4346 ”nb
1809 4298 1843 4349 ¹¹¹
1870 4279 2016 4366 iamim
2050 4281 2210 4372 3000008

51 4480 53 4484 ,
164 4423 280 4490 sanet,
313 4421 348 4475 et
371 4431 453 4490 nos,
485 4422 526 4476 ut
547 4411 728 4479 ardentior
749 4413 795 4482 sit
822 4412 1016 4497 invocatio,
1041 4441 1161 4486 causas
1313 4392 1376 4448 ”⁰¹¹
1402 4376 1510 4466 ΜΨ
1542 4380 1609 4447 bem
1622 4375 1946 4497 &condonatam
1973 4380 2106 4472 bledda·

161 4509 402 4578 calamitatum
417 4512 626 4595 cogitemus,
657 4524 691 4580 et
706 4515 861 4583 modeste
877 4515 998 4601 iugum
1013 4518 1160 4600 domini,
1184 4497 1188 4617 l
1213 4504 1297 4594 Etsi
1318 4526 1487 4593 exercitus
1511 4507 1879 4615 Caroli'lmperatoris
1902 4529 1972 4597 iam
1997 4531 2035 4598 in
2056 4546 2208 4624 utraque

160 4624 205 4725 att
227 4623 327 4678 vocat
350 4607 530 4694 Ieremias,
561 4614 724 4685 feramus.
775 4611 917 4683 Elector
932 4609 1117 4686 Marchio
1131 4616 1160 4712 3)
1185 4624 1188 4686 l
1212 4627 1288 4715 ripa
1316 4621 1419 4693 Albis
1440 4624 1570 4694 dicitur
1591 4627 1709 4712 vagari
1733 4628 1777 4693 ad
1799 4620 2075 4726 Parthenopen,
2100 4635 2209 4703 dubi-

164 4723 292 4777 rterum
315 4733 371 4776 me
395 4724 505 4778 vocat.
558 4710 611 4781 De
628 4715 765 4805 captivo
783 4717 942 4805 principe
959 4718 1081 4789 scribit
1097 4717 1161 4788 ad·
1213 4741 1291 4796 tans
1314 4728 1377 4795 ubi
1399 4727 1466 4804 sis,
1492 4724 1574 4791 misi
1599 4738 1715 4794 tamen
1734 4727 1773 4794 in
1788 4731 1938 4820 patriam
1956 4747 2051 4802 tuam
2071 4733 2207 4804 dulcis-

1217 3157 1335 3223 sedem
1358 3155 1484 3223 studiis
1497 3155 1628 3223 nostris
1643 3155 1822 3241 attribuet.
1873 3154 1914 3224 B.
1932 3156 1976 3229 V.
2028 3155 2072 3225 ln
2087 3157 2216 3227 Pente-

1217 3269 1310 3325 coste
1326 3256 1436 3326 6096.
1452 3258 1476 3328 i.
1492 3281 1519 3329 e.
1535 3280 1629 3324 anno
1647 3254 1756 3329 1547.
1780 3253 2022 3332 Nordhausae.
2105 3304 2109 3311 ‚
2132 3290 2136 3295 ·

163 4810 311 4899 modum
340 4810 448 4878 luisse
472 4814 603 4882 ‘duram
632 4813 774 4880 victoris
800 4816 1028 4890 voluntatem.
1089 4821 1157 4890 Sed
1212 4829 1336 4896 simam
1358 4825 1599 4908 tabellarium,
1634 4840 1737 4920 teque
1760 4855 1840 4913 oro,
1871 4847 1911 4902 ut
1934 4835 2073 4924 copiose
2094 4836 2206 4927 signi-

160 4910 327 5000 deinceps
357 4912 528 5006 quicquid
555 4913 704 5002 accipies
724 4917 926 5003 literarum,
956 4942 1048 5011 quae
1069 4917 1158 4991 mihi
1211 4933 1291 4999 fices
1308 4952 1358 5010 ea,
1383 4951 1471 5019 quae
1487 4925 1699 4997 existimabis
1714 4954 1787 4998 esse
1802 4927 1973 5030 ἀξιόλογα
1991 4939 2035 5005 de
2051 4934 2217 5008 exercitu

160 5020 392 5080 ”.-.-.-..-
1010 5100 1011 5105 γ
1211 5029 1332 5101 Caroli
1356 5026 1581 5118 Imperatoris
1604 5031 1703 5099 etde
1723 5032 1819 5120 ipso,
1859 5057 1899 5101 ae
1924 5038 2137 5126 nominatim
2161 5040 2208 5108 de

199 5152 228 5218 ι)
250 5148 632 5220 {incommodantes
1094 5154 1096 5159 ’
1211 5126 1453 5220 Parthenope,
1479 5152 1526 5196 an
1548 5129 1593 5200 sit
1613 5132 1724 5200 cincta
1743 5133 1942 5219 obsidione,
1969 5150 2064 5205 etan
2081 5140 2206 5208 desen-

195 5238 224 5304 ι)
240 5237 328 5294 nana.
344 5248 502 5302 utcumque.
1093 5241 1098 5255 ¹
1210 5233 1284 5302 suri
1308 5232 1473 5300 dicantur
1492 5231 1615 5298 urbem
1638 5233 1749 5318 cives,
1773 5257 1819 5303 an
1841 5258 1923 5322 vero
1941 5259 2062 5326 pacem
2076 5256 2209 5331 petant.

195 5321 226 5386 8)
242 5322 322 5391 „Fuit
336 5322 359 5373 is
373 5321 481 5373 Elector
495 5318 647 5375 loacliimns
659 5323 693 5386 2.,
711 5323 838 5397 princeps
849 5345 932 5400 capu
945 5329 1057 5385 modom
1069 5331 1159 5387 elioe-
1175 5392 1178 5399 ,
1370 5353 1442 5365 -···

230 5389 378 5444 minatus.''
410 5389 493 5441 [Nota
508 5389 629 5449 daverit
1019 5468 1022 5473 .
1245 5397 1274 5464 4)
1294 5395 1382 5450 Dana.
1399 5392 1543 5447 mendoses
1567 5399 1605 5446 ee.
