4748 6022
74 383 76 387 ἢ
171 281 247 359 are
427 311 430 315 .
765 264 1210 347 rrrsrouaaou
1260 267 1438 350 max.
1491 272 1627 353 1647.
2131 271 2212 352 sao

64 499 71 506 -
169 464 275 536 tator,
292 473 338 519 ne
351 469 515 540 praesens
529 439 648 516 schola
661 441 852 513 divellatur
863 441 1069 535 praesertim
1084 464 1165 512 cum
1214 441 1388 511 elementa
1411 445 1455 512 de
1475 443 1616 516 circulis
1640 447 1847 519 coelestibus
1870 448 2024 518 traderet
2049 447 2114 532 iis,
2148 450 2214 542 qui
2262 426 2269 433 .

168 553 209 623 in
231 576 272 623 ea
295 563 388 620 recte
411 549 572 620 instituta
595 546 667 615 sint
682 540 725 640 ²³)
751 544 887 628 studia,
919 556 954 613 et
976 543 1164 636 disciplina
1214 542 1284 611 iam
1301 538 1565 616 Grammaticen
1590 548 1806 619 didicissent.
1855 545 1901 619 Et
1922 544 2018 618 hunc
2041 549 2213 619 lectorem

165 648 316 726 honesta
331 651 395 737 sit,
413 662 448 720 et
462 651 621 720 doctores
638 647 709 719 sint
723 646 925 717 concordes.
1214 643 1321 712 velim
1336 642 1482 716 Rectori
1501 672 1634 739 parere.
1685 650 1775 720 Nam
1801 645 1962 743 ἀναρχία
1977 645 2018 740 ³²)
2041 651 2125 719 mali
2150 675 2212 721 ex-

269 752 357 824 Vidi
385 752 546 821 ordinem
565 744 609 846 ²⁴)
638 748 849 832 lectionum;
883 745 969 814 novi
991 745 1165 814 eruditio-
1214 757 1366 814 tremum
1382 740 1422 840 ³⁸)
1446 762 1508 822 est.
1571 747 1692 831 †Ut''
1715 753 1802 822 olim
1822 747 2006 846 poetae³⁰)
2030 751 2211 824 tinxerunt

165 880 249 927 nem
264 868 299 926 et
311 853 513 923 facundiam
528 875 663 930 eorum,
689 843 788 945 †qui
802 861 886 916 sunt
899 846 1078 936 praecipui
1087 842 1165 942 '’²⁸),
1213 842 1397 914 Astracam
1413 842 1476 942 ⁴⁰),
1509 851 1646 940 pulsam
1677 877 1717 922 en
1745 853 1882 942 magnis
1905 853 2077 936 urbibus,
2110 854 2149 922 in
2165 850 2210 944 ⁴¹)

167 970 202 1028 et
216 957 335 1029 iudico
351 979 472 1023 eorum
489 953 700 1023 industriam
713 949 889 1018 iuventuti
904 948 1067 1038 prodesse
1082 971 1164 1037 pos-
1212 970 1296 1015 rure
1316 947 1524 1041 aliquandiu
1545 953 1728 1023 mansisse:
1761 954 1810 1023 it'a
1831 977 1929 1024 nunc
1949 953 2073 1024 literae
2089 950 2210 1047 'pulsae

166 1082 214 1129 se.
265 1057 336 1130 Sed
363 1052 448 1125 haec
473 1054 679 1125 turbulenta
699 1065 792 1120 aetas
808 1062 849 1118 ut
863 1049 931 1117 alia
944 1049 1055 1118 multa
1071 1048 1161 1117 mala
1213 1070 1253 1116 ex
1273 1048 1473 1140 principum
1492 1052 1705 1138 ditionibus,
1729 1053 1912 1147 inquibus
1929 1056 2092 1126 delentur
2106 1057 2210 1127 bellis

165 1159 216 1230 ita
240 1159 347 1228 etiam
360 1156 502 1246 ingenia
521 1155 677 1247 inquieta
696 1175 770 1220 non
787 1175 895 1240 pauca
911 1150 1042 1238 genuit.
1094 1147 1163 1218 Fa·
1212 1165 1420 1218 ornamenta
1435 1152 1554 1221 civilia
1564 1149 1619 1246 ⁴²),
1645 1178 1766 1224 rursus
1779 1157 1818 1224 in
1833 1157 2035 1227 civitatibus
2047 1154 2209 1229 honestis

167 1259 235 1330 cile
251 1259 358 1349 igitur
375 1259 503 1343 credo,
528 1256 632 1325 bonis
648 1253 734 1322 viris
748 1247 851 1321 isthic
872 1247 1081 1332 †fideliter''
1097 1251 1163 1320 do-
1211 1243 1417 1346 hospitia⁴³)
1431 1270 1616 1344 quaerunt,
1630 1279 1670 1325 ac
1684 1279 1806 1325 omnes
1820 1254 2076 1352 prudentes⁴⁴)‚
2091 1284 2208 1351 quan-

166 1361 326 1433 centibus
345 1383 418 1428 non
434 1361 551 1427 deesse
568 1358 828 1425 obtrectatores.
879 1349 933 1421 Ac
949 1352 1162 1435 nominatim
1212 1362 1288 1419 tum
1307 1347 1350 1448 ⁴⁵)
1374 1369 1538 1443 possunt,
1570 1359 1668 1426 decet
1690 1357 1857 1427 omnibus
1875 1359 2009 1428 viribus
2026 1359 2142 1430 literas
2158 1363 2205 1431 ab

166 1462 274 1533 audio
303 1455 559 1552 †reprehendi
580 1448 795 1545 Lossr'i”²⁸)
821 1453 1060 1537 sedulitatem,
1100 1452 1161 1545 qui
1212 1450 1359 1520 interitu
1382 1454 1580 1541 vindicare,
1615 1453 1759 1554 qutat)
1784 1460 1944 1530 extinctis
1967 1460 2074 1529 literis
2096 1460 2203 1529 etiam

165 1576 355 1633 erotemata
372 1561 493 1630 edidit.
546 1558 623 1648 lpse
640 1569 755 1625 autem
771 1578 838 1624 usu
854 1553 1028 1644 comperi,
1053 1556 1162 1643 prod·
1212 1552 1372 1621 doctrina
1391 1557 1549 1626 coelestis
1563 1559 1745 1644 amittitur,
1761 1584 1849 1652 quae
1863 1574 1904 1630 ut
1916 1574 2082 1640 servetur,
2098 1585 2201 1652 prae-

166 1676 239 1734 esse
263 1663 479 1731 discentibus
502 1661 582 1728 talia
602 1656 917 1745 interrogationum
936 1649 1162 1748 exempla²⁷).
1211 1653 1315 1742 cipua
1335 1658 1594 1726 curaomnium
1610 1655 2014 1731 hominumessedebet.
2063 1644 2201 1732 Postre-

165 1762 240 1835 Ncc
263 1765 388 1832 dubito
411 1762 606 1853 peritorum
630 1758 759 1827 iudicia
781 1752 847 1825 hac
871 1758 914 1823 de
935 1780 974 1823 re
988 1779 1066 1824 cum
1084 1780 1161 1825 mea
1210 1777 1268 1821 mo
1296 1766 1329 1822 te
1352 1776 1435 1842 oro,
1465 1771 1505 1827 ut
1521 1754 1565 1852 ⁴⁷)
1588 1755 1679 1830 hanc
1701 1761 1883 1853 epistolam
1899 1787 2036 1833 summo
2053 1766 2205 1833 candore

166 1865 335 1956 opinione
352 1858 399 1957 18)
421 1885 625 1951 congruere.
682 1857 766 1926 Ideo
789 1858 891 1925 initio
915 1856 1063 1947 probavi
1085 1857 1161 1926 edi·
1209 1854 1321 1922 animi
1344 1859 1510 1946 scriptam
1525 1860 1613 1929 boni
1630 1863 1791 1932 consulas
1808 1858 1862 1953 ⁸⁸).
1911 1861 2117 1948 Benevole,
2142 1888 2207 1933 an·

164 1966 298 2036 tionem
319 1964 535 2032 libellorum.
585 1958 705 2030 Audio
730 1972 764 2031 et
784 1959 867 2027 alias
883 1958 1048 2042 fabellas,
1073 1982 1161 2048 quas
1209 1978 1258 2022 no
1277 1950 1319 2041 ⁴⁹)
1346 1956 1456 2032 1547.
1476 1960 1535 2029 die
1551 1956 1595 2058 ⁸⁰)
1615 1961 1676 2036 27.
1693 1959 1847 2054 Aprilis,
1875 1989 1945 2058 quo
1962 1962 2066 2033 Noha
2091 1986 2207 2055 egres·

165 2090 247 2136 cum
269 2088 324 2133 res
346 2065 421 2154 ipsa
439 2064 586 2147 refutet,
612 2085 687 2129 non
704 2073 755 2129 est
770 2082 861 2150 opus
880 2060 985 2148 longa
1001 2059 1161 2128 oratione
1210 2079 1269 2124 sus
1284 2051 1327 2146 ⁵¹)
1356 2082 1397 2127 ex
1424 2084 1504 2130 area
1535 2077 1616 2133 ante
1643 2087 1756 2134 annos
1773 2066 1875 2141 3850
1901 2065 1991 2135 vidit
2012 2063 2207 2135 Ecclesiam

165 2167 260 2257 apud
279 2165 396 2235 virum
410 2186 562 2254 gravem.
613 2159 662 2231 Et
675 2157 813 2230 scholae
827 2160 1078 2249 gubernatores
1093 2160 1162 2251 ipsi
1210 2157 1373 2228 mirando
1395 2165 1502 2231 modo
1522 2178 1695 2234 servatam
1712 2188 1802 2253 esse3
1829 2192 1934 2260 quam
1949 2182 1990 2238 ut
2004 2190 2101 2236 nunc
2117 2194 2206 2260 quo-

163 2267 369 2359 praedicant
389 2280 486 2335 tuam
508 2288 588 2354 erga
611 2287 647 2331 se
664 2262 966 2340 benevolentiam,
992 2283 1098 2354 seque
1115 2256 1161 2353 2ο)
1209 2281 1279 2350 que
1292 2274 1405 2329 servet
1421 2260 1516 2333 Deus
1532 2265 1569 2332 in
1585 2267 1720 2355 magnis
1735 2269 1901 2358 periculis
1918 2269 2146 2338 fluctuantem
2154 2263 2207 2356 ⁵²),

164 2366 403 2458 †praccipue”
417 2381 476 2434 tua
492 2365 698 2434 auctoritate
714 2363 857 2431 defendi
873 2375 1029 2434 narrant.
1053 2361 1161 2450 Quod
1209 2361 1414 2431 ardentibus
1437 2367 1527 2434 votis
1547 2391 1708 2452 oremus,
1742 2382 1776 2438 et
1794 2369 1884 2438 sicut
1902 2370 1962 2437 ille
1983 2393 2086 2437 senex
2116 2394 2205 2440 nau-

165 2493 245 2539 cum
268 2483 329 2538 tuo
354 2467 486 2536 iudicio
507 2468 584 2548 fiat,
609 2461 702 2532 nihil
724 2487 812 2553 opus
832 2475 883 2531 est
903 2486 979 2531 mea
997 2458 1161 2532 cohorta-
1210 2460 1324 2530 clerus
1345 2485 1428 2532 suae
1449 2466 1601 2536 familiae
1619 2469 1817 2539 doctrinam
1833 2465 1876 2565 ⁵³)
1900 2469 2031 2560 optima
2048 2471 2115 2537 fide
2131 2485 2205 2540 tra-

164 2570 274 2643 tione.
324 2566 394 2639 Sed
419 2580 534 2635 tamen
556 2568 600 2634 ad
621 2579 656 2634 te
675 2564 818 2653 scripsi,
843 2577 881 2632 ut
898 2559 988 2630 mihi
1004 2559 1045 2656 ³⁰)
1070 2588 1160 2656 quo·
1210 2561 1321 2645 didit,
1362 2563 1411 2632 ita
1438 2591 1503 2635 nos
1528 2593 1669 2660 quoque
1695 2570 1814 2639 literas
1840 2585 1874 2640 et
1898 2568 2128 2658 Evangelium
2155 2573 2201 2639 ad

165 2695 234 2763 que
260 2669 403 2762 probari
426 2667 568 2756 ingenia
590 2679 623 2734 et
646 2665 880 2747 cruditionem
903 2664 1065 2749 illorum,
1098 2663 1160 2757 qui
1208 2664 1752 2751 posteritatemtransmittamus.
1805 2669 1935 2743 lterum
1952 2672 2040 2746 vale.

165 2796 263 2841 nunc
284 2771 503 2840 iuventutem
528 2767 695 2836 erudiunt
716 2767 754 2833 in
769 2767 857 2834 urbe
874 2779 987 2834 vestra
1004 2761 1062 2857 ³¹),
1092 2765 1161 2833 sci-

165 2896 240 2958 res,
265 2887 369 2964 teque
385 2895 466 2956 oro,
492 2882 583 2941 utet
601 2869 693 2957 ipsos
710 2881 743 2936 et
758 2863 898 2935 scholae
916 2866 1159 2935 auctoritatem

165 2988 197 3044 et
223 2973 448 3043 concordiam
472 2970 564 3040 tueri
588 2994 661 3038 non
685 2968 834 3041 desinas.
887 2966 1026 3038 Scimus
1051 2989 1160 3056 genus

164 3070 361 3145 humanum
387 3073 572 3164 praecipue
596 3071 776 3140 conditum
796 3092 867 3138 esse
885 3070 930 3136 ad
943 3068 1158 3157 agnitionem

163 3172 253 3258 Dei,
286 3200 359 3243 non
383 3175 497 3244 solum
521 3166 908 3264 philosophicam,sed
930 3164 1158 3264 etiam³²)ad
1432 3226 1441 3245 .
1527 3233 1536 3250 ,

163 3274 262 3343 illam
280 3299 418 3360 veram,
450 3275 507 3344 cui
525 3274 699 3365 praelucet
713 3272 894 3351 doctrina,
920 3272 960 3339 in
978 3294 1046 3363 qua
1061 3267 1158 3340 Deus
1285 3225 1640 3339 supplicatlo'ad
1659 3228 1862 3316 carolum
1882 3230 2125 3326 Gaesial'ssmo

163 3376 333 3466 prodiens
354 3401 395 3445 ex
416 3398 543 3443 arcana
565 3369 592 3453 †
609 3372 688 3442 sua''
709 3376 789 3442 sede
813 3374 857 3441 ad
880 3368 1042 3441 homines
1056 3366 1098 3466 ³³)
1122 3395 1158 3440 se
1276 3389 1354 3445 Edita
1369 3410 1382 3443 a
1395 3390 1504 3444 Perelio
1517 3390 1545 3443 tn
1560 3391 1626 3445 Met.
1640 3389 1745 3448 eonett.
1759 3392 1804 3448 lac
1821 3392 1854 3448 T.
1868 3366 1888 3447 1.
1904 3393 1993 3465 psol
2005 3406 2110 3470 appa.
2130 3397 2197 3451 Pm

162 3476 337 3567 patefecit.
389 3472 474 3542 Ideo
497 3474 677 3552 ¹literarum
694 3469 736 3565 ³⁴)
761 3473 916 3562 cognitio
939 3497 1023 3562 prae
1039 3472 1158 3543 omni·
1309 3459 1389 3542 ''ul'’
1401 3461 1495 3542 scripti
1511 3460 1646 3542 descripta
1659 3471 1699 3515 ‘⁸¹
1717 3462 1745 3516 ³¹¹
1765 3461 1828 3517 ⁶⁰³·
1843 3461 1928 3518 ⁶⁰¹h·
1944 3464 2004 3520 ¹⁸⁹·
2022 3485 2048 3537 P·
2061 3465 2103 3546 ¹⁷:
2139 3464 2197 3547 pp.

1310 3528 1394 3581 aeirus
1410 3529 1502 3581 retulit
1515 3527 1569 3582 boc
1581 3538 1712 3651 scriptum
1726 3530 1758 3583 ad
1772 3550 1837 3586 ann.
1853 3533 1945 3598 tots..
1964 3535 2012 3587 aed
2027 3552 2082 3588 ιιοιι
2095 3533 2199 3587 tutelh-

164 3577 231 3675 bu?
251 3577 355 3644 rebus
378 3569 536 3642 hamam
559 3572 676 3661 generi
694 3568 735 3664 ³⁵)
756 3569 850 3653 l'esl
870 3574 1080 3656 Πθῦθῧῧὸῑὶθι
1106 3570 1158 3643 el„
1312 3595 1388 3716 gitur
1400 3615 1455 3667 quo
1468 3597 1539 3650 iure.
1575 3597 1637 3650 Nibi
1662 3597 1734 3651 enim
1750 3600 2199 3672 comtatdeobsessaaliquaurbe

162 3677 391 3768 praecipuum
408 3687 459 3743 est
475 3685 721 3743 ornamentum
740 3664 995 3766 †civitatum”.
1038 3670 1157 3760 Quare
1314 3664 1475 3785 Cfffitnlst
1489 3665 1537 3786 ³¹3⁰
1552 3676 1682 3737 tempore.
1709 3666 1777 3721 Nam
1791 3667 1894 3721 bettum
1908 3668 2105 3750 &essetecum
2119 3669 2200 3725 Dum

163 3778 393 3848 iustissimum
410 3789 479 3856 est,
504 3772 654 3843 fideliter
666 3766 710 3868 ³⁶)
729 3774 870 3842 delendi
886 3797 962 3855 eos,
990 3774 1049 3866 qui
1065 3789 1156 3845 recte
1309 3800 1393 3869 sept,
1415 3736 2202 3923 ,liquiiubii‘iiiln‘iai-i'iainiffibio‘biiii'l'ivl':

163 3880 302 3950 docent.
361 3874 548 3947 Caeterum
571 3898 650 3944 cum
673 3869 741 3944 hoc
763 3890 920 3966 tempore
945 3871 1156 3945 Academiae
1308 3870 1456 3940 tebergam.
1504 3887 1550 3924 ¹¹¹⁰
1567 3879 1608 3923 θ’)
1624 3869 1787 3942 supplicato
1809 3871 2203 3945 ιω44144044448160410·

162 3979 202 4048 in
231 3976 287 4048 his
315 3978 520 4071 regionibus
543 3976 732 4068 dissipatae
752 3976 843 4062 siut,
882 3972 973 4045 mihi
993 3976 1157 4068 placeret,
1209 3994 1411 4008 ···-··“··
1963 3962 1968 3973 ’

160 4094 296 4152 vestrae
315 4077 456 4153 scholae
469 4079 555 4150 addi
572 4078 757 4165 lectorem,
786 4079 850 4172 qui
863 4074 1107 4154 arithmeticen
1121 4090 1156 4147 et
1238 4062 1283 4199 {gl
1302 4062 1389 4117 ΜΝ·
1401 4066 1516 4166 ΨΜ·
1608 4151 1614 4165 Ι

160 4209 252 4219 „-
297 4210 305 4214 ’
332 4220 334 4225 Ι
1274 4148 1285 4213 )
1304 4146 1392 4202 Manl.
1406 4152 1475 4201 nauh
1489 4153 1626 4217 exemplu·
1642 4146 1801 4220 camberg.
1815 4146 1873 4202 899.
1888 4150 1968 4203 molo
1979 4153 2121 4218 exemplo.

192 4258 238 4328 23)
255 4258 344 4316 Mmg
360 4258 505 4313 magon,
520 4248 599 4313 mg,
1238 4230 1282 4298 89)
1303 4231 1415 4288 Verbira
1440 4233 1515 4287 otim
1530 4233 1642 4302 Paltos,
1663 4230 1759 4304 incipit
1771 4230 1871 4286 iterum
1884 4241 1970 4288 textus
1983 4233 2055 4307 apud
2067 4234 2132 4293 Per.

192 4345 239 4408 24)
259 4344 327 4398 Vnt
339 4346 469 4398 ordrhem
487 4350 513 4396 et
534 4358 603 4410 quae
622 4347 774 4408 sequuntur
795 4336 888 4392 omnia
907 4356 992 4412 usque
1008 4339 1041 4396 ad
1056 4340 1152 4397 rerba:
1237 4314 1283 4382 ⁴⁰)
1303 4316 1388 4413 Μ·
1404 4319 1550 4373 mmm·

227 4414 295 4464 olim
305 4414 584 4482 poetaefiaxerunt,
602 4406 784 4479 praetermisit
798 4405 861 4461 Per.
1236 4397 1284 4464 41)
1301 4404 1344 4465 ιιι]
1362 4399 1449 4454 Mani.
1461 4419 1516 4453 noo
1529 4396 1618 4455 babet.

191 4496 236 4561 25)
255 4497 445 4564 palaemon]
460 4494 548 4550 Manl.
563 4490 752 4562 praetermisit.
1237 4483 1282 4554 48)
1302 4485 1403 4551 nodab]
1420 4483 1506 4541 Manl.
1519 4487 1620 4538 multa.

191 4581 238 4648 26)
256 4578 325 4639 Cot,
340 4579 427 4633 Gotb·
437 4581 498 4636 401.
516 4579 616 4648 heysir‘.
1235 4571 1282 4641 48)
1302 4571 1365 4627 Per.
1376 4573 1539 4638 hospitium
1558 4568 1644 4623 Mani.
1657 4568 1804 4637 hospitem.

190 4665 237 4735 27)
256 4662 324 4719 cot.
337 4662 421 4717 Goth.
434 4663 494 4717 401.
508 4664 711 4730 expetiturum.
1235 4656 1281 4725 44)
1297 4661 1462 4724 prudentes]
1480 4653 1570 4709 Manl.
1582 4662 1722 4720 potentes.

189 4750 236 4819 28)
253 4748 341 4803 Maal.
355 4764 418 4800 meo
432 4748 541 4799 iudicio.
1235 4743 1282 4812 45)
1302 4742 1369 4799 Cod.
1386 4740 1472 4798 Goth.
1484 4737 1544 4796 tot.
1560 4749 1677 4812 quatuo.

188 4837 235 4904 29)
254 4832 343 4889 Mani.
356 4848 427 4886 aesc.
1234 4827 1282 4895 46)
1298 4828 1376 4897 quib]
1396 4824 1458 4881 Per.
1475 4842 1555 4879 nam.

185 4922 233 4990 80)
252 4920 333 4987 miles]
354 4916 442 4972 Manl.
456 4923 566 4970 nostro.
1233 4914 1279 4982 41)
1296 4912 1493 4965 Postremo-
1505 4911 1548 4978 ut]
1568 4908 1631 4964 Per.
1648 4909 1727 4963 Bene
1740 4912 1805 4965 vale
1818 4917 1856 4963 et.

187 5006 234 5069 81)
253 5004 361 5072 vestra]
379 4999 468 5055 Manl.
481 5006 590 5055 nostru.
1233 4997 1280 5061 48)
1297 4997 1360 5053 Pes.
1373 4997 1495 5050 macuta.

186 5087 232 5157 82)
246 5085 346 5151 etlam]
359 5080 441 5137 ⁰⁰4⁶·
455 5098 513 5135 ¹¹⁰⁰
527 5077 633 5134 babent.
1231 5084 1282 5156 49)
1300 5084 1471 5151 Benenate,
1490 5086 1582 5147 anno]
1600 5082 1665 5135 Per·
1679 5078 1836 5135 nonhabet.

184 5172 232 5242 83)
248 5174 289 5225 od
302 5166 445 5235 hemr‘net]
464 5164 552 5220 stent.
566 5164 738 5222 bominibus.
1231 5168 1276 5234 80)
1295 5169 1356 5227 dic]
1371 5164 1435 5218 Per.
1449 5165 1639 5235 praetermisit.

182 5258 229 5328 84)
244 5256 409 5314 terrarum]
427 5248 517 5309 Mant.
530 5252 758 5306 rerumrerum.
1230 5253 1276 5319 81)
1296 5250 1382 5305 Mani.
1397 5248 1471 5303 addit
1484 5259 1536 5304 est.

181 5344 229 5415 88)
245 5341 335 5399 bisol.
348 5339 471 5393 hmani
480 5336 603 5403 generis.
1230 5334 1275 5399 52)
1295 5332 1380 5388 Mani.
1385 5330 1526 5403 fluctuum
1538 5339 1566 5382 et
1577 5346 1639 5383 nos.

180 5425 228 5496 86)
247 5420 336 5482 Mart.
349 5430 376 5476 et
382 5420 517 5490 fideliter.
1018 5481 1021 5485 ,
1229 5416 1274 5483 58)
1290 5417 1464 5478 doctrinam]
1476 5410 1574 5469 excidit
1585 5410 1657 5484 apud
1669 5407 1759 5469 Mani.

1208 3029 1404 3154 Q
1958 3035 2203 3122 ‘esua

2024 3131 2196 3163 w
