<?xml version="1.0" encoding="UTF-8"?>
<!DOCTYPE html PUBLIC "-//W3C//DTD XHTML 1.0 Transitional//EN"
    "http://www.w3.org/TR/xhtml1/DTD/xhtml1-transitional.dtd">
<html xmlns="http://www.w3.org/1999/xhtml" xml:lang="en" lang="en">
 <head>
  <title>
</title>
<meta http-equiv="Content-Type" content="text/html;charset=utf-8" />
  <meta name='ocr-system' content='tesseract 3.04.00' />
  <meta name='ocr-capabilities' content='ocr_page ocr_carea ocr_par ocr_line ocrx_word'/>
</head>
<body>
  <div class='ocr_page' id='page_1' title='image "./philippimelanth15melagoog/philippimelanth15melagoog_0181.png"; bbox 0 0 4748 6022; ppageno 0'>
   <div class='ocr_carea' id='block_1_1' title="bbox 162 288 2207 463">
    <p class='ocr_par' dir='ltr' id='par_1_1' title="bbox 162 288 2207 463">
     <span class='ocr_line' id='line_1_1' title="bbox 162 288 2207 463; baseline -0.002 -27"><span class='ocrx_word' id='word_1_1' title='bbox 162 357 236 436; x_wconf 77' lang='lat' dir='ltr'><strong>scs</strong></span> <span class='ocrx_word' id='word_1_2' title='bbox 741 341 1175 423; x_wconf 79' lang='lat' dir='ltr'><strong>nrrsrouaauu</strong></span> <span class='ocrx_word' id='word_1_3' title='bbox 1233 344 1420 422; x_wconf 73' lang='lat' dir='ltr'><strong>crux.</strong></span> <span class='ocrx_word' id='word_1_4' title='bbox 1474 288 1608 426; x_wconf 73' lang='lat' dir='ltr'><strong>iseo.</strong></span> <span class='ocrx_word' id='word_1_5' title='bbox 1815 345 1818 348; x_wconf 68' lang='lat'><em>‘</em></span> <span class='ocrx_word' id='word_1_6' title='bbox 1967 455 1971 463; x_wconf 18' lang='lat'><em>4</em></span> <span class='ocrx_word' id='word_1_7' title='bbox 2131 358 2207 432; x_wconf 77' lang='lat' dir='ltr'><strong>are</strong></span> 
     </span>
    </p>
   </div>
   <div class='ocr_carea' id='block_1_2' title="bbox 89 513 2208 2142">
    <p class='ocr_par' dir='ltr' id='par_1_2' title="bbox 165 513 2208 1338">
     <span class='ocr_line' id='line_1_2' title="bbox 166 513 2208 620; baseline -0.007 -13"><span class='ocrx_word' id='word_1_8' title='bbox 166 549 304 607; x_wconf 91' lang='lat' dir='ltr'><strong>nostras</strong></span> <span class='ocrx_word' id='word_1_9' title='bbox 326 525 609 620; x_wconf 79' lang='lat' dir='ltr'><strong>deprecationes,</strong></span> <span class='ocrx_word' id='word_1_10' title='bbox 642 524 725 617; x_wconf 90' lang='lat' dir='ltr'><strong>quia</strong></span> <span class='ocrx_word' id='word_1_11' title='bbox 749 520 861 593; x_wconf 90' lang='lat' dir='ltr'><strong>hostis</strong></span> <span class='ocrx_word' id='word_1_12' title='bbox 883 522 1017 590; x_wconf 90' lang='lat' dir='ltr'><strong>interea</strong></span> <span class='ocrx_word' id='word_1_13' title='bbox 1037 517 1083 587; x_wconf 91' lang='lat' dir='ltr'><strong>ab</strong></span> <span class='ocrx_word' id='word_1_14' title='bbox 1101 541 1160 586; x_wconf 91' lang='lat' dir='ltr'><strong>ar·</strong></span> <span class='ocrx_word' id='word_1_15' title='bbox 1210 513 1266 585; x_wconf 88' lang='lat' dir='ltr'><strong>his</strong></span> <span class='ocrx_word' id='word_1_16' title='bbox 1283 517 1390 604; x_wconf 91' lang='lat' dir='ltr'><strong>locis,</strong></span> <span class='ocrx_word' id='word_1_17' title='bbox 1416 521 1462 588; x_wconf 92' lang='lat' dir='ltr'><strong>ab</strong></span> <span class='ocrx_word' id='word_1_18' title='bbox 1477 538 1678 612; x_wconf 82' lang='lat' dir='ltr'><strong>aegrotante</strong></span> <span class='ocrx_word' id='word_1_19' title='bbox 1694 548 1804 594; x_wconf 88' lang='lat' dir='ltr'><strong>uxore</strong></span> <span class='ocrx_word' id='word_1_20' title='bbox 1827 550 1899 595; x_wconf 95' lang='lat' dir='ltr'><strong>non</strong></span> <span class='ocrx_word' id='word_1_21' title='bbox 1923 527 2119 612; x_wconf 88' lang='lat' dir='ltr'><strong>discedam,</strong></span> <span class='ocrx_word' id='word_1_22' title='bbox 2147 526 2208 601; x_wconf 79' lang='grc' dir='ltr'><strong>σοὶ</strong></span> 
     </span>
     <span class='ocr_line' id='line_1_3' title="bbox 165 613 2205 723; baseline -0.009 -14"><span class='ocrx_word' id='word_1_23' title='bbox 165 639 271 708; x_wconf 88' lang='lat' dir='ltr'><strong>matis</strong></span> <span class='ocrx_word' id='word_1_24' title='bbox 291 632 402 719; x_wconf 89' lang='lat' dir='ltr'><strong>magis</strong></span> <span class='ocrx_word' id='word_1_25' title='bbox 418 630 586 702; x_wconf 88' lang='lat' dir='ltr'><strong>irritatur.</strong></span> <span class='ocrx_word' id='word_1_26' title='bbox 637 626 745 716; x_wconf 83' lang='lat' dir='ltr'><strong>Quod</strong></span> <span class='ocrx_word' id='word_1_27' title='bbox 764 640 881 696; x_wconf 89' lang='lat' dir='ltr'><strong>autem</strong></span> <span class='ocrx_word' id='word_1_28' title='bbox 897 620 989 693; x_wconf 82' lang='lat' dir='ltr'><strong>Cels.</strong></span> <span class='ocrx_word' id='word_1_29' title='bbox 1004 618 1051 689; x_wconf 90' lang='lat' dir='ltr'><strong>V.</strong></span> <span class='ocrx_word' id='word_1_30' title='bbox 1066 619 1161 689; x_wconf 90' lang='lat' dir='ltr'><strong>iudi·</strong></span> <span class='ocrx_word' id='word_1_31' title='bbox 1210 613 1251 690; x_wconf 79' lang='lat' dir='ltr'><strong>di</strong></span> <span class='ocrx_word' id='word_1_32' title='bbox 1274 617 1466 705; x_wconf 80' lang='grc' dir='ltr'><strong><em>σκεπτέον,</em></strong></span> <span class='ocrx_word' id='word_1_33' title='bbox 1495 625 1525 692; x_wconf 79' lang='lat' dir='ltr'><strong>ai</strong></span> <span class='ocrx_word' id='word_1_34' title='bbox 1540 620 1659 719; x_wconf 76' lang='grc' dir='ltr'><em>βούλῃ</em></span> <span class='ocrx_word' id='word_1_35' title='bbox 1674 623 1800 718; x_wconf 75' lang='grc' dir='ltr'><em>μένειν</em></span> <span class='ocrx_word' id='word_1_36' title='bbox 1815 626 1855 698; x_wconf 76' lang='lat' dir='ltr'><strong>iv</strong></span> <span class='ocrx_word' id='word_1_37' title='bbox 1869 622 1968 698; x_wconf 79' lang='grc' dir='ltr'><strong><em>πόλει</em></strong></span> <span class='ocrx_word' id='word_1_38' title='bbox 1984 633 2205 723; x_wconf 76' lang='grc' dir='ltr'><strong><em>πολιορκου.</em></strong></span> 
     </span>
     <span class='ocr_line' id='line_1_4' title="bbox 167 718 2204 825; baseline -0.003 -17"><span class='ocrx_word' id='word_1_39' title='bbox 167 751 244 823; x_wconf 90' lang='lat' dir='ltr'><strong>cat,</strong></span> <span class='ocrx_word' id='word_1_40' title='bbox 276 737 352 805; x_wconf 89' lang='lat' dir='ltr'><strong>fore</strong></span> <span class='ocrx_word' id='word_1_41' title='bbox 369 731 606 813; x_wconf 90' lang='lat' dir='ltr'><strong>commodius,</strong></span> <span class='ocrx_word' id='word_1_42' title='bbox 631 730 661 798; x_wconf 91' lang='lat' dir='ltr'><strong>si</strong></span> <span class='ocrx_word' id='word_1_43' title='bbox 677 752 772 797; x_wconf 91' lang='lat' dir='ltr'><strong>nunc</strong></span> <span class='ocrx_word' id='word_1_44' title='bbox 790 725 989 818; x_wconf 89' lang='lat' dir='ltr'><strong>proficiscar</strong></span> <span class='ocrx_word' id='word_1_45' title='bbox 1003 719 1161 804; x_wconf 87' lang='lat' dir='ltr'><strong>Dessam,</strong></span> <span class='ocrx_word' id='word_1_46' title='bbox 1209 718 1314 815; x_wconf 71' lang='grc' dir='ltr'>μίγη.</span> <span class='ocrx_word' id='word_1_47' title='bbox 1368 719 1445 793; x_wconf 94' lang='lat' dir='ltr'><strong>Oro</strong></span> <span class='ocrx_word' id='word_1_48' title='bbox 1463 725 1574 795; x_wconf 85' lang='lat' dir='ltr'><strong>filium</strong></span> <span class='ocrx_word' id='word_1_49' title='bbox 1588 726 1674 813; x_wconf 91' lang='lat' dir='ltr'><strong>Dei,</strong></span> <span class='ocrx_word' id='word_1_50' title='bbox 1699 743 1740 798; x_wconf 90' lang='lat' dir='ltr'><strong>ut</strong></span> <span class='ocrx_word' id='word_1_51' title='bbox 1757 744 1790 799; x_wconf 92' lang='lat' dir='ltr'><strong>te</strong></span> <span class='ocrx_word' id='word_1_52' title='bbox 1807 744 1841 799; x_wconf 93' lang='lat' dir='ltr'><strong>et</strong></span> <span class='ocrx_word' id='word_1_53' title='bbox 1854 745 1933 799; x_wconf 91' lang='lat' dir='ltr'><strong>tuos</strong></span> <span class='ocrx_word' id='word_1_54' title='bbox 1949 745 1982 800; x_wconf 91' lang='lat' dir='ltr'><strong>et</strong></span> <span class='ocrx_word' id='word_1_55' title='bbox 1999 755 2063 800; x_wconf 92' lang='lat' dir='ltr'><strong>nos</strong></span> <span class='ocrx_word' id='word_1_56' title='bbox 2079 747 2204 825; x_wconf 89' lang='lat' dir='ltr'><strong>prote-</strong></span> 
     </span>
     <span class='ocr_line' id='line_1_5' title="bbox 168 822 2203 925; baseline -0.003 -14"><span class='ocrx_word' id='word_1_57' title='bbox 168 855 202 911; x_wconf 90' lang='lat' dir='ltr'><strong>et</strong></span> <span class='ocrx_word' id='word_1_58' title='bbox 231 839 283 907; x_wconf 93' lang='lat' dir='ltr'><strong>ibi</strong></span> <span class='ocrx_word' id='word_1_59' title='bbox 308 857 533 925; x_wconf 89' lang='lat' dir='ltr'><strong>congressum</strong></span> <span class='ocrx_word' id='word_1_60' title='bbox 554 831 756 924; x_wconf 82' lang='lat' dir='ltr'>principum</span> <span class='ocrx_word' id='word_1_61' title='bbox 781 843 976 919; x_wconf 83' lang='lat' dir='ltr'><strong>expectem,</strong></span> <span class='ocrx_word' id='word_1_62' title='bbox 1011 822 1161 906; x_wconf 86' lang='lat' dir='ltr'><strong>decrevi,</strong></span> <span class='ocrx_word' id='word_1_63' title='bbox 1211 838 1286 912; x_wconf 87' lang='lat' dir='ltr'><strong>gat,</strong></span> <span class='ocrx_word' id='word_1_64' title='bbox 1312 828 1407 916; x_wconf 95' lang='lat' dir='ltr'><strong>quod</strong></span> <span class='ocrx_word' id='word_1_65' title='bbox 1431 830 1574 919; x_wconf 91' lang='lat' dir='ltr'><strong>quidem</strong></span> <span class='ocrx_word' id='word_1_66' title='bbox 1597 854 1737 921; x_wconf 90' lang='lat' dir='ltr'><strong>sperare</strong></span> <span class='ocrx_word' id='word_1_67' title='bbox 1753 855 1819 900; x_wconf 90' lang='lat' dir='ltr'><strong>nos</strong></span> <span class='ocrx_word' id='word_1_68' title='bbox 1836 833 1950 917; x_wconf 91' lang='lat' dir='ltr'><strong>iubet,</strong></span> <span class='ocrx_word' id='word_1_69' title='bbox 1977 835 2203 925; x_wconf 91' lang='lat' dir='ltr'><strong>utscriptum</strong></span> 
     </span>
     <span class='ocr_line' id='line_1_6' title="bbox 167 918 2203 1028; baseline -0.002 -17"><span class='ocrx_word' id='word_1_70' title='bbox 167 937 254 1011; x_wconf 90' lang='lat' dir='ltr'><strong>hinc</strong></span> <span class='ocrx_word' id='word_1_71' title='bbox 270 963 345 1009; x_wconf 91' lang='lat' dir='ltr'><strong>non</strong></span> <span class='ocrx_word' id='word_1_72' title='bbox 362 934 551 1028; x_wconf 87' lang='lat' dir='ltr'><strong>proficisci,</strong></span> <span class='ocrx_word' id='word_1_73' title='bbox 576 933 646 1000; x_wconf 91' lang='lat' dir='ltr'><strong>nisi</strong></span> <span class='ocrx_word' id='word_1_74' title='bbox 663 933 760 1024; x_wconf 92' lang='lat' dir='ltr'><strong>prius</strong></span> <span class='ocrx_word' id='word_1_75' title='bbox 775 918 1161 999; x_wconf 85' lang='lat' dir='ltr'><strong>literasaCumerario</strong></span> <span class='ocrx_word' id='word_1_76' title='bbox 1211 939 1273 999; x_wconf 88' lang='lat' dir='ltr'><strong>est.</strong></span> <span class='ocrx_word' id='word_1_77' title='bbox 1323 925 1576 1000; x_wconf 89' lang='lat' dir='ltr'><strong>Circumvallat</strong></span> <span class='ocrx_word' id='word_1_78' title='bbox 1593 930 1750 1020; x_wconf 80' lang='lat' dir='ltr'><strong>Angelus</strong></span> <span class='ocrx_word' id='word_1_79' title='bbox 1766 932 1914 1002; x_wconf 90' lang='lat' dir='ltr'><strong>Domini</strong></span> <span class='ocrx_word' id='word_1_80' title='bbox 1931 935 2094 1004; x_wconf 89' lang='lat' dir='ltr'><strong>timentes</strong></span> <span class='ocrx_word' id='word_1_81' title='bbox 2109 961 2203 1013; x_wconf 86' lang='lat' dir='ltr'><strong>eum.</strong></span> 
     </span>
     <span class='ocr_line' id='line_1_7' title="bbox 168 1025 2205 1135; baseline -0.009 -21"><span class='ocrx_word' id='word_1_82' title='bbox 168 1066 345 1135; x_wconf 87' lang='lat' dir='ltr'><strong>accepero.</strong></span> <span class='ocrx_word' id='word_1_83' title='bbox 395 1037 468 1106; x_wconf 89' lang='lat' dir='ltr'><strong>Nec</strong></span> <span class='ocrx_word' id='word_1_84' title='bbox 483 1037 530 1105; x_wconf 92' lang='lat' dir='ltr'><strong>ita</strong></span> <span class='ocrx_word' id='word_1_85' title='bbox 548 1059 711 1126; x_wconf 89' lang='lat' dir='ltr'><strong>propero,</strong></span> <span class='ocrx_word' id='word_1_86' title='bbox 737 1033 829 1101; x_wconf 90' lang='lat' dir='ltr'><strong>utin</strong></span> <span class='ocrx_word' id='word_1_87' title='bbox 846 1055 925 1100; x_wconf 92' lang='lat' dir='ltr'><strong>eum</strong></span> <span class='ocrx_word' id='word_1_88' title='bbox 942 1030 1072 1113; x_wconf 92' lang='lat' dir='ltr'><strong>locum,</strong></span> <span class='ocrx_word' id='word_1_89' title='bbox 1097 1025 1162 1096; x_wconf 90' lang='lat' dir='ltr'><strong>ubi</strong></span> <span class='ocrx_word' id='word_1_90' title='bbox 1210 1025 1250 1097; x_wconf 93' lang='lat' dir='ltr'><strong>Si</strong></span> <span class='ocrx_word' id='word_1_91' title='bbox 1272 1030 1404 1118; x_wconf 90' lang='lat' dir='ltr'><strong>poteris</strong></span> <span class='ocrx_word' id='word_1_92' title='bbox 1427 1031 1483 1097; x_wconf 87' lang='lat' dir='ltr'><strong>vel</strong></span> <span class='ocrx_word' id='word_1_93' title='bbox 1505 1034 1675 1122; x_wconf 85' lang='lat' dir='ltr'><strong>expatiari</strong></span> <span class='ocrx_word' id='word_1_94' title='bbox 1696 1036 1753 1103; x_wconf 87' lang='lat' dir='ltr'><strong>vel</strong></span> <span class='ocrx_word' id='word_1_95' title='bbox 1776 1040 1937 1105; x_wconf 89' lang='lat' dir='ltr'><strong>secedere</strong></span> <span class='ocrx_word' id='word_1_96' title='bbox 1961 1051 1993 1105; x_wconf 93' lang='lat' dir='ltr'><strong>te</strong></span> <span class='ocrx_word' id='word_1_97' title='bbox 2006 1040 2049 1106; x_wconf 91' lang='lat' dir='ltr'><strong>ad</strong></span> <span class='ocrx_word' id='word_1_98' title='bbox 2068 1039 2205 1128; x_wconf 72' lang='lat' dir='ltr'><strong>princi.</strong></span> 
     </span>
     <span class='ocr_line' id='line_1_8' title="bbox 168 1124 2206 1238; baseline -0.002 -24"><span class='ocrx_word' id='word_1_99' title='bbox 168 1145 346 1238; x_wconf 87' lang='lat' dir='ltr'><strong>principes</strong></span> <span class='ocrx_word' id='word_1_100' title='bbox 370 1140 635 1230; x_wconf 83' lang='lat' dir='ltr'><strong>colloquentur,</strong></span> <span class='ocrx_word' id='word_1_101' title='bbox 671 1135 823 1204; x_wconf 88' lang='lat' dir='ltr'><strong>veniam.</strong></span> <span class='ocrx_word' id='word_1_102' title='bbox 889 1130 1032 1222; x_wconf 88' lang='lat' dir='ltr'><strong>Reputo</strong></span> <span class='ocrx_word' id='word_1_103' title='bbox 1054 1129 1158 1198; x_wconf 88' lang='lat' dir='ltr'><strong>etiam</strong></span> <span class='ocrx_word' id='word_1_104' title='bbox 1210 1153 1288 1218; x_wconf 86' lang='lat' dir='ltr'><strong>pern</strong></span> <span class='ocrx_word' id='word_1_105' title='bbox 1310 1124 1544 1200; x_wconf 78' lang='lat' dir='ltr'><strong>Ioaeltimum</strong></span> <span class='ocrx_word' id='word_1_106' title='bbox 1571 1135 1708 1206; x_wconf 84' lang='lat' dir='ltr'><strong>vellem.</strong></span> <span class='ocrx_word' id='word_1_107' title='bbox 1761 1135 1857 1205; x_wconf 92' lang='lat' dir='ltr'><strong>Bene</strong></span> <span class='ocrx_word' id='word_1_108' title='bbox 1883 1155 1916 1210; x_wconf 90' lang='lat' dir='ltr'><strong>et</strong></span> <span class='ocrx_word' id='word_1_109' title='bbox 1938 1139 2089 1209; x_wconf 85' lang='lat' dir='ltr'><strong>feliciter</strong></span> <span class='ocrx_word' id='word_1_110' title='bbox 2113 1141 2206 1226; x_wconf 86' lang='lat' dir='ltr'><strong>vale,</strong></span> 
     </span>
     <span class='ocr_line' id='line_1_9' title="bbox 169 1232 1886 1338; baseline -0.007 -20"><span class='ocrx_word' id='word_1_111' title='bbox 169 1247 264 1338; x_wconf 90' lang='lat' dir='ltr'><strong>apud</strong></span> <span class='ocrx_word' id='word_1_112' title='bbox 292 1243 450 1313; x_wconf 90' lang='lat' dir='ltr'><strong>animum</strong></span> <span class='ocrx_word' id='word_1_113' title='bbox 478 1263 613 1321; x_wconf 92' lang='lat' dir='ltr'><strong>meum,</strong></span> <span class='ocrx_word' id='word_1_114' title='bbox 650 1251 823 1329; x_wconf 92' lang='lat' dir='ltr'><strong>quantum</strong></span> <span class='ocrx_word' id='word_1_115' title='bbox 848 1234 894 1303; x_wconf 90' lang='lat' dir='ltr'><strong>sit</strong></span> <span class='ocrx_word' id='word_1_116' title='bbox 913 1233 1081 1324; x_wconf 89' lang='lat' dir='ltr'><strong>periculi,</strong></span> <span class='ocrx_word' id='word_1_117' title='bbox 1115 1232 1159 1298; x_wconf 89' lang='lat' dir='ltr'><strong>de</strong></span> <span class='ocrx_word' id='word_1_118' title='bbox 1209 1245 1242 1300; x_wconf 93' lang='lat' dir='ltr'><strong>et</strong></span> <span class='ocrx_word' id='word_1_119' title='bbox 1256 1234 1420 1306; x_wconf 87' lang='lat' dir='ltr'><strong>rescribe.</strong></span> <span class='ocrx_word' id='word_1_120' title='bbox 1470 1233 1646 1306; x_wconf 88' lang='lat' dir='ltr'><strong>Postridie</strong></span> <span class='ocrx_word' id='word_1_121' title='bbox 1667 1233 1886 1332; x_wconf 54' lang='lat' dir='ltr'><strong>Solsticiiff).</strong></span> 
     </span>
    </p>

    <p class='ocr_par' dir='ltr' id='par_1_3' title="bbox 167 1334 2154 1534">
     <span class='ocr_line' id='line_1_10' title="bbox 169 1334 2154 1434; baseline -0.018 -15"><span class='ocrx_word' id='word_1_122' title='bbox 169 1346 418 1418; x_wconf 86' lang='lat' dir='ltr'><strong>conciliatione</strong></span> <span class='ocrx_word' id='word_1_123' title='bbox 449 1341 690 1410; x_wconf 88' lang='lat' dir='ltr'><strong>doctrinarum</strong></span> <span class='ocrx_word' id='word_1_124' title='bbox 721 1338 909 1431; x_wconf 90' lang='lat' dir='ltr'><strong>quicquam</strong></span> <span class='ocrx_word' id='word_1_125' title='bbox 941 1334 1070 1426; x_wconf 91' lang='lat' dir='ltr'><strong>pacisci</strong></span> <span class='ocrx_word' id='word_1_126' title='bbox 1099 1344 1161 1401; x_wconf 90' lang='lat' dir='ltr'><strong>aut</strong></span> <span class='ocrx_word' id='word_1_127' title='bbox 1952 1335 2154 1434; x_wconf 48' lang='lat' dir='ltr'><strong>philippus·</strong></span> 
     </span>
     <span class='ocr_line' id='line_1_11' title="bbox 167 1433 1160 1534; baseline -0.017 -16"><span class='ocrx_word' id='word_1_128' title='bbox 167 1448 313 1519; x_wconf 91' lang='lat' dir='ltr'><strong>minime</strong></span> <span class='ocrx_word' id='word_1_129' title='bbox 330 1471 411 1515; x_wconf 89' lang='lat' dir='ltr'><strong>cum</strong></span> <span class='ocrx_word' id='word_1_130' title='bbox 425 1443 515 1512; x_wconf 90' lang='lat' dir='ltr'><strong>aulis</strong></span> <span class='ocrx_word' id='word_1_131' title='bbox 530 1442 641 1534; x_wconf 91' lang='lat' dir='ltr'><strong>loqui,</strong></span> <span class='ocrx_word' id='word_1_132' title='bbox 661 1464 812 1534; x_wconf 91' lang='lat' dir='ltr'><strong>quarum</strong></span> <span class='ocrx_word' id='word_1_133' title='bbox 829 1436 957 1508; x_wconf 90' lang='lat' dir='ltr'><strong>iudicia</strong></span> <span class='ocrx_word' id='word_1_134' title='bbox 974 1433 1160 1503; x_wconf 87' lang='lat' dir='ltr'><strong>dissimilia</strong></span> 
     </span>
    </p>

    <p class='ocr_par' dir='ltr' id='par_1_4' title="bbox 169 1538 1160 1634">
     <span class='ocr_line' id='line_1_12' title="bbox 169 1538 1160 1634; baseline -0.02 -13"><span class='ocrx_word' id='word_1_135' title='bbox 169 1564 264 1621; x_wconf 88' lang='lat' dir='ltr'><strong>sunt.</strong></span> <span class='ocrx_word' id='word_1_136' title='bbox 297 1545 377 1618; x_wconf 89' lang='lat' dir='ltr'><strong>Etsi</strong></span> <span class='ocrx_word' id='word_1_137' title='bbox 389 1557 505 1615; x_wconf 89' lang='lat' dir='ltr'><strong>autem</strong></span> <span class='ocrx_word' id='word_1_138' title='bbox 521 1559 554 1614; x_wconf 89' lang='lat' dir='ltr'><strong>et</strong></span> <span class='ocrx_word' id='word_1_139' title='bbox 570 1558 653 1634; x_wconf 91' lang='lat' dir='ltr'><strong>opto</strong></span> <span class='ocrx_word' id='word_1_140' title='bbox 669 1541 893 1612; x_wconf 85' lang='lat' dir='ltr'><strong>concordiam</strong></span> <span class='ocrx_word' id='word_1_141' title='bbox 910 1538 1160 1618; x_wconf 84' lang='lat' dir='ltr'><strong>Ecclesiamm,</strong></span> 
     </span>
    </p>

    <p class='ocr_par' dir='ltr' id='par_1_5' title="bbox 99 1638 1426 1933">
     <span class='ocr_line' id='line_1_13' title="bbox 170 1638 1417 1746; baseline -0.018 -23"><span class='ocrx_word' id='word_1_142' title='bbox 170 1666 205 1723; x_wconf 89' lang='lat' dir='ltr'><strong>et</strong></span> <span class='ocrx_word' id='word_1_143' title='bbox 226 1651 310 1720; x_wconf 91' lang='lat' dir='ltr'><strong>dedi</strong></span> <span class='ocrx_word' id='word_1_144' title='bbox 332 1642 493 1739; x_wconf 88' lang='lat' dir='ltr'><strong>operam,</strong></span> <span class='ocrx_word' id='word_1_145' title='bbox 518 1661 560 1716; x_wconf 93' lang='lat' dir='ltr'><strong>ut</strong></span> <span class='ocrx_word' id='word_1_146' title='bbox 579 1647 748 1737; x_wconf 88' lang='lat' dir='ltr'><strong>quasdam</strong></span> <span class='ocrx_word' id='word_1_147' title='bbox 765 1638 983 1711; x_wconf 87' lang='lat' dir='ltr'><strong>horridiores</strong></span> <span class='ocrx_word' id='word_1_148' title='bbox 999 1640 1160 1729; x_wconf 90' lang='lat' dir='ltr'><strong>disputa·</strong></span> <span class='ocrx_word' id='word_1_149' title='bbox 1221 1667 1286 1741; x_wconf 42' lang='lat' dir='ltr'><strong>No·</strong></span> <span class='ocrx_word' id='word_1_150' title='bbox 1306 1671 1417 1746; x_wconf 48' lang='lat'><strong>5659·</strong></span> 
     </span>
     <span class='ocr_line' id='line_1_14' title="bbox 99 1742 1426 1840; baseline -0.016 -16"><span class='ocrx_word' id='word_1_151' title='bbox 99 1802 105 1809; x_wconf 68' lang='grc'><strong><em>»</em></strong></span> <span class='ocrx_word' id='word_1_152' title='bbox 170 1754 284 1824; x_wconf 88' lang='lat' dir='ltr'><strong>tiones</strong></span> <span class='ocrx_word' id='word_1_153' title='bbox 298 1752 464 1840; x_wconf 86' lang='lat' dir='ltr'><strong>lenirem,</strong></span> <span class='ocrx_word' id='word_1_154' title='bbox 490 1762 608 1817; x_wconf 92' lang='lat' dir='ltr'><strong>tamen</strong></span> <span class='ocrx_word' id='word_1_155' title='bbox 622 1770 723 1838; x_wconf 86' lang='lat' dir='ltr'><strong>saepe</strong></span> <span class='ocrx_word' id='word_1_156' title='bbox 739 1745 873 1833; x_wconf 90' lang='lat' dir='ltr'><strong>cogito,</strong></span> <span class='ocrx_word' id='word_1_157' title='bbox 895 1742 998 1810; x_wconf 86' lang='lat' dir='ltr'><strong>exilia</strong></span> <span class='ocrx_word' id='word_1_158' title='bbox 1013 1755 1047 1809; x_wconf 91' lang='lat' dir='ltr'><strong>et</strong></span> <span class='ocrx_word' id='word_1_159' title='bbox 1062 1764 1160 1807; x_wconf 89' lang='lat' dir='ltr'><strong>mor·</strong></span> <span class='ocrx_word' id='word_1_160' title='bbox 1216 1770 1426 1804; x_wconf 52' lang='lat' dir='ltr'><em>m</em></span> 
     </span>
     <span class='ocr_line' id='line_1_15' title="bbox 169 1843 1158 1933; baseline -0.016 -9"><span class='ocrx_word' id='word_1_161' title='bbox 169 1867 241 1925; x_wconf 90' lang='lat' dir='ltr'><strong>tem</strong></span> <span class='ocrx_word' id='word_1_162' title='bbox 272 1852 536 1922; x_wconf 86' lang='lat' dir='ltr'><strong>anteferendam</strong></span> <span class='ocrx_word' id='word_1_163' title='bbox 565 1871 637 1916; x_wconf 90' lang='lat' dir='ltr'><strong>esse</strong></span> <span class='ocrx_word' id='word_1_164' title='bbox 668 1847 800 1916; x_wconf 87' lang='lat' dir='ltr'><strong>talibus</strong></span> <span class='ocrx_word' id='word_1_165' title='bbox 827 1843 1158 1933; x_wconf 89' lang='lat' dir='ltr'><strong>compositionibus,</strong></span> 
     </span>
    </p>

    <p class='ocr_par' dir='ltr' id='par_1_6' title="bbox 89 1942 1160 2048">
     <span class='ocr_line' id='line_1_16' title="bbox 89 1942 1160 2048; baseline -0.01 -23"><span class='ocrx_word' id='word_1_166' title='bbox 89 1966 93 1972; x_wconf 88' lang='lat'>&#39;</span> <span class='ocrx_word' id='word_1_167' title='bbox 170 1955 291 2048; x_wconf 89' lang='lat' dir='ltr'><strong>quales</strong></span> <span class='ocrx_word' id='word_1_168' title='bbox 319 1954 357 2021; x_wconf 91' lang='lat' dir='ltr'><strong>in</strong></span> <span class='ocrx_word' id='word_1_169' title='bbox 388 1942 621 2020; x_wconf 73' lang='lat' dir='ltr'><strong>concentibus</strong></span> <span class='ocrx_word' id='word_1_170' title='bbox 644 1949 719 2016; x_wconf 89' lang='lat' dir='ltr'><strong>vidi</strong></span> <span class='ocrx_word' id='word_1_171' title='bbox 745 1961 846 2016; x_wconf 91' lang='lat' dir='ltr'><strong>antea</strong></span> <span class='ocrx_word' id='word_1_172' title='bbox 871 1945 1050 2014; x_wconf 90' lang='lat' dir='ltr'><strong>institutas</strong></span> <span class='ocrx_word' id='word_1_173' title='bbox 1076 1966 1160 2014; x_wconf 88' lang='lat' dir='ltr'><strong>esse.</strong></span> 
     </span>
    </p>

    <p class='ocr_par' dir='ltr' id='par_1_7' title="bbox 168 2031 1973 2142">
     <span class='ocr_line' id='line_1_17' title="bbox 168 2031 1973 2142; baseline -0.011 -14"><span class='ocrx_word' id='word_1_174' title='bbox 168 2055 285 2128; x_wconf 90' lang='lat' dir='ltr'><strong>Deum</strong></span> <span class='ocrx_word' id='word_1_175' title='bbox 307 2056 378 2123; x_wconf 90' lang='lat' dir='ltr'><strong>scio</strong></span> <span class='ocrx_word' id='word_1_176' title='bbox 404 2052 661 2142; x_wconf 89' lang='lat' dir='ltr'><strong>opitulaturum</strong></span> <span class='ocrx_word' id='word_1_177' title='bbox 686 2073 758 2117; x_wconf 90' lang='lat' dir='ltr'><strong>esse</strong></span> <span class='ocrx_word' id='word_1_178' title='bbox 782 2073 864 2118; x_wconf 89' lang='lat' dir='ltr'><strong>suae</strong></span> <span class='ocrx_word' id='word_1_179' title='bbox 881 2045 1041 2129; x_wconf 87' lang='lat' dir='ltr'><strong>veritati,</strong></span> <span class='ocrx_word' id='word_1_180' title='bbox 1072 2058 1106 2113; x_wconf 88' lang='lat' dir='ltr'><strong>et</strong></span> <span class='ocrx_word' id='word_1_181' title='bbox 1121 2056 1162 2113; x_wconf 92' lang='lat' dir='ltr'><strong>ut</strong></span> <span class='ocrx_word' id='word_1_182' title='bbox 1309 2037 1330 2098; x_wconf 83' lang='lat'>†</span> <span class='ocrx_word' id='word_1_183' title='bbox 1350 2031 1387 2085; x_wconf 60' lang='lat'><strong>5¹</strong></span> <span class='ocrx_word' id='word_1_184' title='bbox 1401 2033 1599 2107; x_wconf 66' lang='lat' dir='ltr'><strong>apographon</strong></span> <span class='ocrx_word' id='word_1_185' title='bbox 1616 2035 1677 2090; x_wconf 64' lang='lat'><strong>⁰⁰³·</strong></span> <span class='ocrx_word' id='word_1_186' title='bbox 1692 2034 1777 2094; x_wconf 70' lang='lat' dir='ltr'><strong>⁶⁰¹h·</strong></span> <span class='ocrx_word' id='word_1_187' title='bbox 1793 2037 1853 2092; x_wconf 75' lang='lat'><strong>399.</strong></span> <span class='ocrx_word' id='word_1_188' title='bbox 1873 2058 1900 2110; x_wconf 77' lang='grc' dir='ltr'><strong>Ρ·</strong></span> <span class='ocrx_word' id='word_1_189' title='bbox 1917 2040 1973 2094; x_wconf 75' lang='lat'><strong>¹⁸2·</strong></span> 
     </span>
    </p>
   </div>
   <div class='ocr_carea' id='block_1_3' title="bbox 169 2147 1263 2258">
    <p class='ocr_par' dir='ltr' id='par_1_8' title="bbox 169 2147 1263 2258">
     <span class='ocr_line' id='line_1_18' title="bbox 169 2147 1263 2258; baseline -0.015 -30"><span class='ocrx_word' id='word_1_190' title='bbox 169 2181 272 2249; x_wconf 90' lang='lat' dir='ltr'><strong>opem</strong></span> <span class='ocrx_word' id='word_1_191' title='bbox 291 2158 378 2226; x_wconf 84' lang='lat' dir='ltr'><strong>ferat</strong></span> <span class='ocrx_word' id='word_1_192' title='bbox 402 2151 579 2223; x_wconf 86' lang='lat' dir='ltr'><strong>Ecclesiae</strong></span> <span class='ocrx_word' id='word_1_193' title='bbox 606 2164 750 2242; x_wconf 92' lang='lat' dir='ltr'><strong>propter</strong></span> <span class='ocrx_word' id='word_1_194' title='bbox 772 2174 872 2217; x_wconf 90' lang='lat' dir='ltr'><strong>suam</strong></span> <span class='ocrx_word' id='word_1_195' title='bbox 894 2147 1060 2236; x_wconf 83' lang='lat' dir='ltr'><strong>gloriam,</strong></span> <span class='ocrx_word' id='word_1_196' title='bbox 1086 2169 1161 2216; x_wconf 88' lang='lat' dir='ltr'><strong>oro.</strong></span> <span class='ocrx_word' id='word_1_197' title='bbox 1211 2178 1263 2258; x_wconf 63' lang='lat' dir='ltr'><strong>CI</strong></span> 
     </span>
    </p>
   </div>
   <div class='ocr_carea' id='block_1_4' title="bbox 169 2188 2207 2433">
    <p class='ocr_par' dir='ltr' id='par_1_9' title="bbox 169 2188 2207 2433">
     <span class='ocr_line' id='line_1_19' title="bbox 169 2188 2206 2327; baseline 0.002 -62"><span class='ocrx_word' id='word_1_198' title='bbox 169 2257 200 2327; x_wconf 79' lang='lat' dir='ltr'>B</span> <span class='ocrx_word' id='word_1_199' title='bbox 383 2256 424 2272; x_wconf 83' lang='grc'><strong>,.</strong></span> <span class='ocrx_word' id='word_1_200' title='bbox 757 2250 768 2285; x_wconf 79' lang='lat' dir='ltr'><strong>r</strong></span> <span class='ocrx_word' id='word_1_201' title='bbox 912 2245 957 2317; x_wconf 78' lang='lat' dir='ltr'><strong>D.</strong></span> <span class='ocrx_word' id='word_1_202' title='bbox 996 2245 1027 2315; x_wconf 79' lang='lat' dir='ltr'>B</span> <span class='ocrx_word' id='word_1_203' title='bbox 1262 2188 1534 2294; x_wconf 42' lang='lat' dir='ltr'><strong>urissimelvirq</strong></span> <span class='ocrx_word' id='word_1_204' title='bbox 1554 2192 1698 2288; x_wconf 84' lang='lat' dir='ltr'><strong>pietate,</strong></span> <span class='ocrx_word' id='word_1_205' title='bbox 1725 2191 1854 2264; x_wconf 76' lang='lat' dir='ltr'><strong>uirtute</strong></span> <span class='ocrx_word' id='word_1_206' title='bbox 1868 2205 1899 2265; x_wconf 90' lang='lat' dir='ltr'><strong>et</strong></span> <span class='ocrx_word' id='word_1_207' title='bbox 1915 2193 2081 2267; x_wconf 84' lang='lat' dir='ltr'><strong>doctriua</strong></span> <span class='ocrx_word' id='word_1_208' title='bbox 2094 2224 2206 2298; x_wconf 84' lang='lat' dir='ltr'><strong>prae-</strong></span> 
     </span>
     <span class='ocr_line' id='line_1_20' title="bbox 170 2250 2207 2433; baseline -0.009 -107"><span class='ocrx_word' id='word_1_209' title='bbox 170 2250 875 2433; x_wconf 42' lang='lat' dir='ltr'><strong>alplqp113t5f¹eflirertervaleatCels.lestra.</strong></span> <span class='ocrx_word' id='word_1_210' title='bbox 948 2272 980 2316; x_wconf 90' lang='lat' dir='ltr'><strong>1e</strong></span> <span class='ocrx_word' id='word_1_211' title='bbox 1032 2271 1162 2377; x_wconf 86' lang='lat' dir='ltr'><strong>cumae,</strong></span> <span class='ocrx_word' id='word_1_212' title='bbox 1211 2293 1348 2373; x_wconf 49' lang='lat' dir='ltr'><em>stanti,</em></span> <span class='ocrx_word' id='word_1_213' title='bbox 1381 2289 1495 2362; x_wconf 43' lang='grc' dir='ltr'><strong>ΗΘΜ.</strong></span> <span class='ocrx_word' id='word_1_214' title='bbox 1513 2291 1568 2367; x_wconf 46' lang='grc' dir='ltr'><strong>Β.</strong></span> <span class='ocrx_word' id='word_1_215' title='bbox 1595 2289 1815 2365; x_wconf 62' lang='lat' dir='ltr'><em>Iohanni</em></span> <span class='ocrx_word' id='word_1_216' title='bbox 1838 2292 2028 2393; x_wconf 49' lang='lat' dir='ltr'><strong><em>Longo,</em></strong></span> <span class='ocrx_word' id='word_1_217' title='bbox 2061 2296 2207 2373; x_wconf 51' lang='lat' dir='ltr'><strong><em>docenti</em></strong></span> 
     </span>
    </p>
   </div>
   <div class='ocr_carea' id='block_1_5' title="bbox 655 2386 2205 2625">
    <p class='ocr_par' dir='ltr' id='par_1_10' title="bbox 655 2386 2205 2625">
     <span class='ocr_line' id='line_1_21' title="bbox 655 2386 2205 2524; baseline -0.03 -1"><span class='ocrx_word' id='word_1_218' title='bbox 655 2450 763 2524; x_wconf 90' lang='lat' dir='ltr'><strong>Celsit</strong></span> <span class='ocrx_word' id='word_1_219' title='bbox 789 2451 822 2517; x_wconf 91' lang='lat' dir='ltr'>V</span> <span class='ocrx_word' id='word_1_220' title='bbox 853 2449 1112 2519; x_wconf 87' lang='lat' dir='ltr'><strong>addictissimus</strong></span> <span class='ocrx_word' id='word_1_221' title='bbox 1212 2392 1464 2488; x_wconf 54' lang='lat' dir='ltr'><strong>E⁹⁰⁰3⁶lm¹⁷²</strong></span> <span class='ocrx_word' id='word_1_222' title='bbox 1482 2386 1631 2466; x_wconf 55' lang='lat' dir='ltr'><strong>Christi</strong></span> <span class='ocrx_word' id='word_1_223' title='bbox 1646 2393 1872 2492; x_wconf 60' lang='lat' dir='ltr'><strong>Els‘ffdlae,</strong></span> <span class='ocrx_word' id='word_1_224' title='bbox 1897 2426 1966 2470; x_wconf 84' lang='lat' dir='ltr'><strong>suo</strong></span> <span class='ocrx_word' id='word_1_225' title='bbox 1982 2398 2152 2474; x_wconf 82' lang='lat' dir='ltr'><strong>Domino</strong></span> <span class='ocrx_word' id='word_1_226' title='bbox 2172 2414 2205 2476; x_wconf 79' lang='lat' dir='ltr'><strong>el</strong></span> 
     </span>
     <span class='ocr_line' id='line_1_22' title="bbox 713 2496 1909 2625; baseline -0.032 -19"><span class='ocrx_word' id='word_1_227' title='bbox 713 2507 806 2623; x_wconf 52' lang='lat' dir='ltr'><strong>phil,</strong></span> <span class='ocrx_word' id='word_1_228' title='bbox 822 2505 1046 2625; x_wconf 50' lang='lat' dir='ltr'><strong>Melanthum</strong></span> <span class='ocrx_word' id='word_1_229' title='bbox 1497 2507 1656 2596; x_wconf 81' lang='lat' dir='ltr'><strong>patrono</strong></span> <span class='ocrx_word' id='word_1_230' title='bbox 1671 2496 1909 2572; x_wconf 78' lang='lat' dir='ltr'><strong>observando.</strong></span> 
     </span>
    </p>
   </div>
   <div class='ocr_carea' id='block_1_6' title="bbox 178 2629 2214 3394">
    <p class='ocr_par' dir='ltr' id='par_1_11' title="bbox 1211 2629 2205 2748">
     <span class='ocr_line' id='line_1_23' title="bbox 1211 2629 2205 2748; baseline 0.011 -28"><span class='ocrx_word' id='word_1_231' title='bbox 1211 2629 1258 2720; x_wconf 80' lang='lat' dir='ltr'><strong>S.</strong></span> <span class='ocrx_word' id='word_1_232' title='bbox 1285 2646 1328 2722; x_wconf 87' lang='lat' dir='ltr'><strong>D.</strong></span> <span class='ocrx_word' id='word_1_233' title='bbox 1361 2647 1417 2720; x_wconf 89' lang='lat' dir='ltr'><strong>Re</strong></span> <span class='ocrx_word' id='word_1_234' title='bbox 1433 2649 1506 2741; x_wconf 89' lang='lat' dir='ltr'><strong>ipsa</strong></span> <span class='ocrx_word' id='word_1_235' title='bbox 1522 2652 1722 2742; x_wconf 86' lang='lat' dir='ltr'><strong>experimur</strong></span> <span class='ocrx_word' id='word_1_236' title='bbox 1736 2657 1830 2748; x_wconf 87' lang='lat' dir='ltr'><strong>quod</strong></span> <span class='ocrx_word' id='word_1_237' title='bbox 1849 2654 1981 2728; x_wconf 90' lang='lat' dir='ltr'><strong>Paulus</strong></span> <span class='ocrx_word' id='word_1_238' title='bbox 1997 2660 2060 2729; x_wconf 88' lang='lat' dir='ltr'><strong>ait:</strong></span> <span class='ocrx_word' id='word_1_239' title='bbox 2088 2661 2205 2731; x_wconf 89' lang='lat' dir='ltr'><strong>incer-</strong></span> 
     </span>
    </p>

    <p class='ocr_par' dir='ltr' id='par_1_12' title="bbox 1213 2751 2204 2851">
     <span class='ocr_line' id='line_1_24' title="bbox 1213 2751 2204 2851; baseline 0.013 -32"><span class='ocrx_word' id='word_1_240' title='bbox 1213 2751 1259 2819; x_wconf 87' lang='lat' dir='ltr'><strong>tis</strong></span> <span class='ocrx_word' id='word_1_241' title='bbox 1274 2775 1442 2840; x_wconf 82' lang='lat' dir='ltr'><strong>vagamur</strong></span> <span class='ocrx_word' id='word_1_242' title='bbox 1459 2754 1613 2825; x_wconf 91' lang='lat' dir='ltr'><strong>sedibus.</strong></span> <span class='ocrx_word' id='word_1_243' title='bbox 1659 2754 1781 2848; x_wconf 90' lang='lat' dir='ltr'><strong>ltaque</strong></span> <span class='ocrx_word' id='word_1_244' title='bbox 1799 2782 1893 2827; x_wconf 93' lang='lat' dir='ltr'><strong>nunc</strong></span> <span class='ocrx_word' id='word_1_245' title='bbox 1908 2773 2052 2851; x_wconf 91' lang='lat' dir='ltr'><strong>propter</strong></span> <span class='ocrx_word' id='word_1_246' title='bbox 2068 2763 2204 2832; x_wconf 90' lang='lat' dir='ltr'><strong>bellum</strong></span> 
     </span>
    </p>

    <p class='ocr_par' dir='ltr' id='par_1_13' title="bbox 189 2848 2205 2971">
     <span class='ocr_line' id='line_1_25' title="bbox 189 2848 2205 2971; baseline -0.004 -30"><span class='ocrx_word' id='word_1_247' title='bbox 189 2885 372 2971; x_wconf 74' lang='lat' dir='ltr'><strong>N0‘3553</strong></span> <span class='ocrx_word' id='word_1_248' title='bbox 425 2904 431 2913; x_wconf 90' lang='lat'><strong>·</strong></span> <span class='ocrx_word' id='word_1_249' title='bbox 993 2903 1037 2963; x_wconf 64' lang='lat'><strong>12</strong></span> <span class='ocrx_word' id='word_1_250' title='bbox 1067 2892 1162 2958; x_wconf 84' lang='lat' dir='ltr'><strong>Decb.</strong></span> <span class='ocrx_word' id='word_1_251' title='bbox 1214 2853 1314 2923; x_wconf 91' lang='lat' dir='ltr'><strong>ducis</strong></span> <span class='ocrx_word' id='word_1_252' title='bbox 1328 2848 1531 2940; x_wconf 67' lang='lat' dir='ltr'><strong>Mamili,</strong></span> <span class='ocrx_word' id='word_1_253' title='bbox 1557 2857 1654 2950; x_wconf 91' lang='lat' dir='ltr'><strong>quod</strong></span> <span class='ocrx_word' id='word_1_254' title='bbox 1668 2854 1823 2929; x_wconf 87' lang='lat' dir='ltr'><strong>Electori</strong></span> <span class='ocrx_word' id='word_1_255' title='bbox 1847 2875 1880 2930; x_wconf 92' lang='lat' dir='ltr'><strong>et</strong></span> <span class='ocrx_word' id='word_1_256' title='bbox 1896 2860 2131 2953; x_wconf 88' lang='lat' dir='ltr'><strong>Witebergae</strong></span> <span class='ocrx_word' id='word_1_257' title='bbox 2147 2866 2205 2933; x_wconf 91' lang='lat' dir='ltr'><strong>in-</strong></span> 
     </span>
    </p>

    <p class='ocr_par' dir='ltr' id='par_1_14' title="bbox 178 2944 2214 3062">
     <span class='ocr_line' id='line_1_26' title="bbox 178 2944 2214 3062; baseline 0.003 -32"><span class='ocrx_word' id='word_1_258' title='bbox 178 2949 390 3031; x_wconf 46' lang='lat' dir='ltr'><strong>„Rs-‚2</strong></span> <span class='ocrx_word' id='word_1_259' title='bbox 985 2944 1158 3013; x_wconf 56' lang='grc' dir='ltr'><strong>ν’νν</strong></span> <span class='ocrx_word' id='word_1_260' title='bbox 1215 2955 1312 3038; x_wconf 89' lang='lat' dir='ltr'><strong>tulit,</strong></span> <span class='ocrx_word' id='word_1_261' title='bbox 1340 2957 1449 3026; x_wconf 91' lang='lat' dir='ltr'><strong>coacti</strong></span> <span class='ocrx_word' id='word_1_262' title='bbox 1465 2980 1585 3026; x_wconf 90' lang='lat' dir='ltr'><strong>sumus</strong></span> <span class='ocrx_word' id='word_1_263' title='bbox 1602 2961 1773 3042; x_wconf 90' lang='lat' dir='ltr'><strong>secedere,</strong></span> <span class='ocrx_word' id='word_1_264' title='bbox 1799 2985 1838 3030; x_wconf 89' lang='lat' dir='ltr'><strong>ac</strong></span> <span class='ocrx_word' id='word_1_265' title='bbox 1855 2957 2214 3062; x_wconf 60' lang='lat' dir='ltr'><strong>cumPltiIippode-‚</strong></span> 
     </span>
    </p>

    <p class='ocr_par' dir='ltr' id='par_1_15' title="bbox 447 3056 2206 3179">
     <span class='ocr_line' id='line_1_27' title="bbox 447 3056 2206 3179; baseline 0.002 -45"><span class='ocrx_word' id='word_1_266' title='bbox 447 3095 583 3177; x_wconf 64' lang='lat' dir='ltr'><em>loach</em></span> <span class='ocrx_word' id='word_1_267' title='bbox 630 3090 889 3179; x_wconf 45' lang='lat' dir='ltr'><em>camerario·</em></span> <span class='ocrx_word' id='word_1_268' title='bbox 1214 3082 1434 3128; x_wconf 91' lang='lat' dir='ltr'><strong>creveramus</strong></span> <span class='ocrx_word' id='word_1_269' title='bbox 1449 3056 1711 3150; x_wconf 88' lang='lat' dir='ltr'><strong>Magdeburgae</strong></span> <span class='ocrx_word' id='word_1_270' title='bbox 1735 3059 1915 3154; x_wconf 89' lang='lat' dir='ltr'><strong>perhanc</strong></span> <span class='ocrx_word' id='word_1_271' title='bbox 1940 3062 2101 3161; x_wconf 91' lang='lat' dir='ltr'><strong>hyemem</strong></span> <span class='ocrx_word' id='word_1_272' title='bbox 2119 3069 2206 3138; x_wconf 92' lang='lat' dir='ltr'><strong>sub-</strong></span> 
     </span>
    </p>

    <p class='ocr_par' dir='ltr' id='par_1_16' title="bbox 586 3155 2205 3261">
     <span class='ocr_line' id='line_1_28' title="bbox 586 3155 2205 3261; baseline 0.002 -26"><span class='ocrx_word' id='word_1_273' title='bbox 586 3155 597 3177; x_wconf 80' lang='grc'><strong><em>’</em></strong></span> <span class='ocrx_word' id='word_1_274' title='bbox 1216 3161 1348 3244; x_wconf 88' lang='lat' dir='ltr'><strong>sistere,</strong></span> <span class='ocrx_word' id='word_1_275' title='bbox 1366 3184 1406 3229; x_wconf 91' lang='lat' dir='ltr'><strong>ac</strong></span> <span class='ocrx_word' id='word_1_276' title='bbox 1421 3161 1615 3232; x_wconf 89' lang='lat' dir='ltr'><strong>iuventutis</strong></span> <span class='ocrx_word' id='word_1_277' title='bbox 1629 3187 1733 3234; x_wconf 89' lang='lat' dir='ltr'><strong>causa</strong></span> <span class='ocrx_word' id='word_1_278' title='bbox 1747 3161 1971 3237; x_wconf 89' lang='lat' dir='ltr'><strong>scholasticas</strong></span> <span class='ocrx_word' id='word_1_279' title='bbox 1988 3194 2110 3261; x_wconf 92' lang='lat' dir='ltr'><strong>operas</strong></span> <span class='ocrx_word' id='word_1_280' title='bbox 2128 3170 2205 3239; x_wconf 90' lang='lat' dir='ltr'><strong>istic</strong></span> 
     </span>
    </p>

    <p class='ocr_par' dir='ltr' id='par_1_17' title="bbox 242 3248 2206 3394">
     <span class='ocr_line' id='line_1_29' title="bbox 242 3248 2206 3380; baseline 0.001 -41"><span class='ocrx_word' id='word_1_281' title='bbox 242 3253 681 3380; x_wconf 51' lang='lat' dir='ltr'><strong>EP}¹·²‘¹·⁰⁸&#39;⁰“³&#39;:¹&#39;·⁵⁵⁸⁸l·</strong></span> <span class='ocrx_word' id='word_1_282' title='bbox 702 3248 1166 3355; x_wconf 50' lang='lat' dir='ltr'><strong>l‘³·¹‘⁰⁰‘¹t¹³.¹&#39;·¹v·‘l’‘⁷⁰²·)·.’-</strong></span> <span class='ocrx_word' id='word_1_283' title='bbox 1214 3264 1338 3335; x_wconf 85' lang='lat' dir='ltr'><strong>lacere.</strong></span> <span class='ocrx_word' id='word_1_284' title='bbox 1396 3260 1467 3332; x_wconf 90' lang='lat' dir='ltr'><strong>Sed</strong></span> <span class='ocrx_word' id='word_1_285' title='bbox 1497 3279 1655 3357; x_wconf 89' lang='lat' dir='ltr'><strong>tempora</strong></span> <span class='ocrx_word' id='word_1_286' title='bbox 1684 3279 1718 3337; x_wconf 90' lang='lat' dir='ltr'><strong>et</strong></span> <span class='ocrx_word' id='word_1_287' title='bbox 1746 3268 1904 3339; x_wconf 85' lang='lat' dir='ltr'><strong>fortassis</strong></span> <span class='ocrx_word' id='word_1_288' title='bbox 1933 3272 2045 3341; x_wconf 87' lang='lat' dir='ltr'><strong>fatum</strong></span> <span class='ocrx_word' id='word_1_289' title='bbox 2067 3296 2131 3340; x_wconf 91' lang='lat' dir='ltr'><strong>nec</strong></span> <span class='ocrx_word' id='word_1_290' title='bbox 2154 3272 2206 3341; x_wconf 93' lang='lat' dir='ltr'><strong>ibi</strong></span> 
     </span>
     <span class='ocr_line' id='line_1_30' title="bbox 303 3317 1146 3394; baseline -0.011 -18"><span class='ocrx_word' id='word_1_291' title='bbox 303 3334 476 3394; x_wconf 79' lang='lat' dir='ltr'><strong>rgumentum</strong></span> <span class='ocrx_word' id='word_1_292' title='bbox 486 3323 685 3392; x_wconf 79' lang='lat' dir='ltr'><strong>eptstolaesatts</strong></span> <span class='ocrx_word' id='word_1_293' title='bbox 695 3323 783 3388; x_wconf 83' lang='lat' dir='ltr'><strong>docet,</strong></span> <span class='ocrx_word' id='word_1_294' title='bbox 798 3332 968 3391; x_wconf 75' lang='lat' dir='ltr'><strong>potissimum</strong></span> <span class='ocrx_word' id='word_1_295' title='bbox 978 3317 1053 3388; x_wconf 91' lang='lat' dir='ltr'><strong>quod</strong></span> <span class='ocrx_word' id='word_1_296' title='bbox 1066 3320 1099 3369; x_wconf 88' lang='lat' dir='ltr'><strong>de</strong></span> <span class='ocrx_word' id='word_1_297' title='bbox 1110 3336 1146 3368; x_wconf 83' lang='lat' dir='ltr'><strong>tm</strong></span> 
     </span>
    </p>
   </div>
   <div class='ocr_carea' id='block_1_7' title="bbox 276 3365 2208 3561">
    <p class='ocr_par' dir='ltr' id='par_1_18' title="bbox 276 3365 2208 3561">
     <span class='ocr_line' id='line_1_31' title="bbox 276 3365 2207 3464; baseline -0.003 -18"><span class='ocrx_word' id='word_1_298' title='bbox 276 3384 1166 3458; x_wconf 75' lang='lat' dir='ltr'><strong>minenteobsidioneLipsisetcribit,eamscriptamesaepostri-</strong></span> <span class='ocrx_word' id='word_1_299' title='bbox 1214 3366 1368 3456; x_wconf 80' lang='lat' dir='ltr'><strong>qulelem</strong></span> <span class='ocrx_word' id='word_1_300' title='bbox 1390 3365 1495 3433; x_wconf 73' lang='lat' dir='ltr'><strong>nobis</strong></span> <span class='ocrx_word' id='word_1_301' title='bbox 1518 3370 1926 3442; x_wconf 58' lang='lat' dir='ltr'><strong>concedunlssdsludllt.</strong></span> <span class='ocrx_word' id='word_1_302' title='bbox 1975 3370 2098 3464; x_wconf 69' lang='lat' dir='ltr'><strong>ltaque</strong></span> <span class='ocrx_word' id='word_1_303' title='bbox 2112 3365 2207 3442; x_wconf 75' lang='lat' dir='ltr'><strong>Phl-</strong></span> 
     </span>
     <span class='ocr_line' id='line_1_32' title="bbox 277 3458 2208 3561; baseline -0.001 -16"><span class='ocrx_word' id='word_1_304' title='bbox 277 3461 320 3515; x_wconf 77' lang='lat' dir='ltr'><strong>dte</strong></span> <span class='ocrx_word' id='word_1_305' title='bbox 332 3459 440 3514; x_wconf 59' lang='grc' dir='ltr'><strong>’οΜ*ῑὶ</strong></span> <span class='ocrx_word' id='word_1_306' title='bbox 453 3477 510 3511; x_wconf 76' lang='lat'>‘¹⁰¹¹</span> <span class='ocrx_word' id='word_1_307' title='bbox 520 3458 633 3528; x_wconf 62' lang='lat' dir='ltr'><strong>sectivi,</strong></span> <span class='ocrx_word' id='word_1_308' title='bbox 655 3460 702 3512; x_wconf 66' lang='lat'><strong>⁸⁶⁶</strong></span> <span class='ocrx_word' id='word_1_309' title='bbox 716 3458 854 3529; x_wconf 72' lang='lat' dir='ltr'><strong>hyemalia.</strong></span> <span class='ocrx_word' id='word_1_310' title='bbox 1215 3464 1340 3561; x_wconf 78' lang='lat' dir='ltr'><strong>lippus</strong></span> <span class='ocrx_word' id='word_1_311' title='bbox 1353 3489 1528 3553; x_wconf 87' lang='lat' dir='ltr'><strong>regressus</strong></span> <span class='ocrx_word' id='word_1_312' title='bbox 1544 3482 1595 3537; x_wconf 91' lang='lat' dir='ltr'><strong>est</strong></span> <span class='ocrx_word' id='word_1_313' title='bbox 1609 3470 1652 3537; x_wconf 86' lang='lat' dir='ltr'><strong>ad</strong></span> <span class='ocrx_word' id='word_1_314' title='bbox 1669 3471 2041 3554; x_wconf 88' lang='lat' dir='ltr'><strong>vicinamZervestam,</strong></span> <span class='ocrx_word' id='word_1_315' title='bbox 2059 3475 2121 3539; x_wconf 90' lang='lat' dir='ltr'><strong>ubi</strong></span> <span class='ocrx_word' id='word_1_316' title='bbox 2137 3479 2208 3543; x_wconf 90' lang='lat' dir='ltr'><strong>do-</strong></span> 
     </span>
    </p>
   </div>
   <div class='ocr_carea' id='block_1_8' title="bbox 171 3567 2214 5388">
    <p class='ocr_par' dir='ltr' id='par_1_19' title="bbox 171 3567 2214 5388">
     <span class='ocr_line' id='line_1_33' title="bbox 1214 3567 2206 3660; baseline 0.009 -24"><span class='ocrx_word' id='word_1_317' title='bbox 1214 3591 1291 3637; x_wconf 90' lang='lat' dir='ltr'><strong>cere</strong></span> <span class='ocrx_word' id='word_1_318' title='bbox 1323 3567 1477 3638; x_wconf 89' lang='lat' dir='ltr'><strong>instituit</strong></span> <span class='ocrx_word' id='word_1_319' title='bbox 1507 3591 1585 3653; x_wconf 91' lang='lat' dir='ltr'><strong>eos,</strong></span> <span class='ocrx_word' id='word_1_320' title='bbox 1623 3569 1685 3660; x_wconf 92' lang='lat' dir='ltr'><strong>qui</strong></span> <span class='ocrx_word' id='word_1_321' title='bbox 1713 3570 1802 3639; x_wconf 88' lang='lat' dir='ltr'><strong>istuc</strong></span> <span class='ocrx_word' id='word_1_322' title='bbox 1830 3571 1945 3660; x_wconf 92' lang='lat' dir='ltr'><strong>ipsum</strong></span> <span class='ocrx_word' id='word_1_323' title='bbox 1972 3585 2055 3638; x_wconf 92' lang='lat' dir='ltr'><strong>sunt</strong></span> <span class='ocrx_word' id='word_1_324' title='bbox 2081 3575 2206 3646; x_wconf 90' lang='lat' dir='ltr'><strong>secuti.</strong></span> 
     </span>
     <span class='ocr_line' id='line_1_34' title="bbox 1212 3667 2208 3759; baseline 0.009 -21"><span class='ocrx_word' id='word_1_325' title='bbox 1212 3667 1310 3739; x_wconf 91' lang='lat' dir='ltr'><strong>Deus</strong></span> <span class='ocrx_word' id='word_1_326' title='bbox 1325 3681 1423 3759; x_wconf 90' lang='lat' dir='ltr'><strong>pater</strong></span> <span class='ocrx_word' id='word_1_327' title='bbox 1439 3669 1576 3736; x_wconf 92' lang='lat' dir='ltr'><strong>domini</strong></span> <span class='ocrx_word' id='word_1_328' title='bbox 1591 3668 1704 3737; x_wconf 89' lang='lat' dir='ltr'><strong>nostri</strong></span> <span class='ocrx_word' id='word_1_329' title='bbox 1722 3667 1748 3743; x_wconf 87' lang='lat' dir='ltr'><strong>l.</strong></span> <span class='ocrx_word' id='word_1_330' title='bbox 1762 3667 1802 3742; x_wconf 88' lang='lat' dir='ltr'><strong>C.</strong></span> <span class='ocrx_word' id='word_1_331' title='bbox 1818 3671 1978 3740; x_wconf 90' lang='lat' dir='ltr'><strong>restituat</strong></span> <span class='ocrx_word' id='word_1_332' title='bbox 1992 3672 2156 3742; x_wconf 91' lang='lat' dir='ltr'><strong>ecclesiae</strong></span> <span class='ocrx_word' id='word_1_333' title='bbox 2173 3690 2208 3747; x_wconf 87' lang='lat' dir='ltr'><strong>et</strong></span> 
     </span>
     <span class='ocr_line' id='line_1_35' title="bbox 1213 3768 2206 3862; baseline 0.009 -24"><span class='ocrx_word' id='word_1_334' title='bbox 1213 3773 1281 3862; x_wconf 89' lang='lat' dir='ltr'><strong>piis</strong></span> <span class='ocrx_word' id='word_1_335' title='bbox 1301 3792 1340 3838; x_wconf 91' lang='lat' dir='ltr'><strong>ac</strong></span> <span class='ocrx_word' id='word_1_336' title='bbox 1360 3768 1571 3837; x_wconf 87' lang='lat' dir='ltr'><strong>salutaribus</strong></span> <span class='ocrx_word' id='word_1_337' title='bbox 1586 3770 1713 3839; x_wconf 90' lang='lat' dir='ltr'><strong>studiis</strong></span> <span class='ocrx_word' id='word_1_338' title='bbox 1727 3789 1860 3862; x_wconf 88' lang='lat' dir='ltr'><strong>pacem.</strong></span> <span class='ocrx_word' id='word_1_339' title='bbox 1913 3772 2019 3860; x_wconf 86' lang='lat' dir='ltr'><strong>Quod</strong></span> <span class='ocrx_word' id='word_1_340' title='bbox 2037 3775 2066 3841; x_wconf 93' lang='lat' dir='ltr'><strong>si</strong></span> <span class='ocrx_word' id='word_1_341' title='bbox 2084 3776 2206 3847; x_wconf 89' lang='lat' dir='ltr'><strong>minus</strong></span> 
     </span>
     <span class='ocr_line' id='line_1_36' title="bbox 171 3855 2206 3958; baseline 0.006 -22"><span class='ocrx_word' id='word_1_342' title='bbox 171 3855 216 3946; x_wconf 84' lang='lat' dir='ltr'><strong>S.</strong></span> <span class='ocrx_word' id='word_1_343' title='bbox 239 3871 284 3948; x_wconf 82' lang='grc' dir='ltr'><strong>Ι),</strong></span> <span class='ocrx_word' id='word_1_344' title='bbox 333 3869 467 3938; x_wconf 88' lang='lat' dir='ltr'><strong>Versus</strong></span> <span class='ocrx_word' id='word_1_345' title='bbox 491 3883 571 3939; x_wconf 87' lang='lat' dir='ltr'><strong>tuos</strong></span> <span class='ocrx_word' id='word_1_346' title='bbox 595 3866 763 3958; x_wconf 90' lang='lat' dir='ltr'><strong>optimos:</strong></span> <span class='ocrx_word' id='word_1_347' title='bbox 799 3859 964 3934; x_wconf 83' lang='lat' dir='ltr'><strong>Turbati</strong></span> <span class='ocrx_word' id='word_1_348' title='bbox 989 3864 1163 3958; x_wconf 75' lang='lat' dir='ltr'><strong>erigimus</strong></span> <span class='ocrx_word' id='word_1_349' title='bbox 1214 3875 1290 3952; x_wconf 85' lang='lat' dir='ltr'><strong>fiet,</strong></span> <span class='ocrx_word' id='word_1_350' title='bbox 1322 3870 1509 3940; x_wconf 86' lang='lat' dir='ltr'><strong>metuenda</strong></span> <span class='ocrx_word' id='word_1_351' title='bbox 1532 3885 1583 3941; x_wconf 93' lang='lat' dir='ltr'><strong>est</strong></span> <span class='ocrx_word' id='word_1_352' title='bbox 1606 3866 1792 3942; x_wconf 92' lang='lat' dir='ltr'><strong>horribilis</strong></span> <span class='ocrx_word' id='word_1_353' title='bbox 1811 3877 1954 3945; x_wconf 90' lang='lat' dir='ltr'><strong>vastitas</strong></span> <span class='ocrx_word' id='word_1_354' title='bbox 1975 3876 2141 3945; x_wconf 88' lang='lat' dir='ltr'><strong>ecclesiae</strong></span> <span class='ocrx_word' id='word_1_355' title='bbox 2173 3892 2206 3949; x_wconf 91' lang='lat' dir='ltr'><strong>et</strong></span> 
     </span>
     <span class='ocr_line' id='line_1_37' title="bbox 172 3963 2207 4069; baseline 0.001 -24"><span class='ocrx_word' id='word_1_356' title='bbox 172 3973 277 4045; x_wconf 87' lang='lat' dir='ltr'><strong>Deus</strong></span> <span class='ocrx_word' id='word_1_357' title='bbox 302 3966 358 4042; x_wconf 81' lang='lat' dir='ltr'><strong>ad</strong></span> <span class='ocrx_word' id='word_1_358' title='bbox 378 3980 409 4040; x_wconf 84' lang='lat' dir='ltr'><strong>te</strong></span> <span class='ocrx_word' id='word_1_359' title='bbox 434 3965 579 4037; x_wconf 82' lang='lat' dir='ltr'><strong>lumina</strong></span> <span class='ocrx_word' id='word_1_360' title='bbox 602 3963 742 4052; x_wconf 83' lang='lat' dir='ltr'><strong>cordis,</strong></span> <span class='ocrx_word' id='word_1_361' title='bbox 772 3976 833 4037; x_wconf 85' lang='lat' dir='ltr'><strong>etc.</strong></span> <span class='ocrx_word' id='word_1_362' title='bbox 900 3967 1101 4057; x_wconf 88' lang='lat' dir='ltr'><strong>Cogitemus</strong></span> <span class='ocrx_word' id='word_1_363' title='bbox 1124 3971 1162 4037; x_wconf 91' lang='lat' dir='ltr'><strong>in</strong></span> <span class='ocrx_word' id='word_1_364' title='bbox 1213 3973 1415 4065; x_wconf 91' lang='lat' dir='ltr'><strong>politiarum</strong></span> <span class='ocrx_word' id='word_1_365' title='bbox 1436 3970 1476 4038; x_wconf 92' lang='lat' dir='ltr'><strong>in</strong></span> <span class='ocrx_word' id='word_1_366' title='bbox 1491 3965 1548 4040; x_wconf 91' lang='lat' dir='ltr'><strong>his</strong></span> <span class='ocrx_word' id='word_1_367' title='bbox 1565 3973 1790 4063; x_wconf 89' lang='lat' dir='ltr'><strong>regionibus,</strong></span> <span class='ocrx_word' id='word_1_368' title='bbox 1816 4000 1923 4069; x_wconf 88' lang='lat' dir='ltr'><strong>quam</strong></span> <span class='ocrx_word' id='word_1_369' title='bbox 1937 3977 2036 4046; x_wconf 91' lang='lat' dir='ltr'><strong>Deus</strong></span> <span class='ocrx_word' id='word_1_370' title='bbox 2051 3979 2207 4048; x_wconf 89' lang='lat' dir='ltr'><strong>clemen-</strong></span> 
     </span>
     <span class='ocr_line' id='line_1_38' title="bbox 172 4068 1424 4161; baseline -0.01 -12"><span class='ocrx_word' id='word_1_371' title='bbox 172 4077 238 4149; x_wconf 91' lang='lat' dir='ltr'><strong>hac</strong></span> <span class='ocrx_word' id='word_1_372' title='bbox 260 4074 468 4147; x_wconf 80' lang='lat' dir='ltr'><strong>confusione</strong></span> <span class='ocrx_word' id='word_1_373' title='bbox 483 4068 588 4161; x_wconf 86' lang='lat' dir='ltr'><strong>Reip.</strong></span> <span class='ocrx_word' id='word_1_374' title='bbox 608 4083 643 4140; x_wconf 93' lang='lat' dir='ltr'><strong>et</strong></span> <span class='ocrx_word' id='word_1_375' title='bbox 663 4070 701 4137; x_wconf 93' lang='lat' dir='ltr'><strong>in</strong></span> <span class='ocrx_word' id='word_1_376' title='bbox 723 4070 869 4161; x_wconf 89' lang='lat' dir='ltr'><strong>privatis</strong></span> <span class='ocrx_word' id='word_1_377' title='bbox 891 4070 1052 4143; x_wconf 88' lang='lat' dir='ltr'><strong>miseriis.</strong></span> <span class='ocrx_word' id='word_1_378' title='bbox 1103 4069 1161 4141; x_wconf 84' lang='lat' dir='ltr'><strong>Ad</strong></span> <span class='ocrx_word' id='word_1_379' title='bbox 1213 4091 1265 4146; x_wconf 83' lang='lat' dir='ltr'><strong>ter</strong></span> <span class='ocrx_word' id='word_1_380' title='bbox 1279 4086 1424 4146; x_wconf 81' lang='lat' dir='ltr'><strong>avertat.</strong></span> 
     </span>
     <span class='ocr_line' id='line_1_39' title="bbox 172 4160 2207 4273; baseline 0.001 -23"><span class='ocrx_word' id='word_1_381' title='bbox 172 4180 374 4269; x_wconf 89' lang='lat' dir='ltr'><strong>Principem</strong></span> <span class='ocrx_word' id='word_1_382' title='bbox 390 4160 593 4243; x_wconf 70' lang='lat' dir='ltr'><strong>Ascanium</strong></span> <span class='ocrx_word' id='word_1_383' title='bbox 608 4164 646 4267; x_wconf 76' lang='lat'><strong>*)</strong></span> <span class='ocrx_word' id='word_1_384' title='bbox 668 4172 892 4257; x_wconf 89' lang='lat' dir='ltr'><strong>accessimus,</strong></span> <span class='ocrx_word' id='word_1_385' title='bbox 918 4187 957 4243; x_wconf 90' lang='lat' dir='ltr'><strong>ut</strong></span> <span class='ocrx_word' id='word_1_386' title='bbox 978 4175 1022 4241; x_wconf 91' lang='lat' dir='ltr'><strong>de</strong></span> <span class='ocrx_word' id='word_1_387' title='bbox 1046 4167 1160 4242; x_wconf 75' lang='lat' dir='ltr'><strong>Stura·</strong></span> <span class='ocrx_word' id='word_1_388' title='bbox 1313 4171 1390 4264; x_wconf 85' lang='lat' dir='ltr'><strong>Ego</strong></span> <span class='ocrx_word' id='word_1_389' title='bbox 1423 4201 1504 4246; x_wconf 92' lang='lat' dir='ltr'><strong>cum</strong></span> <span class='ocrx_word' id='word_1_390' title='bbox 1534 4177 1671 4271; x_wconf 92' lang='lat' dir='ltr'><strong>aliquot</strong></span> <span class='ocrx_word' id='word_1_391' title='bbox 1702 4177 1856 4248; x_wconf 90' lang='lat' dir='ltr'><strong>dominis</strong></span> <span class='ocrx_word' id='word_1_392' title='bbox 1884 4179 1972 4248; x_wconf 89' lang='lat' dir='ltr'><strong>meis</strong></span> <span class='ocrx_word' id='word_1_393' title='bbox 2002 4204 2043 4250; x_wconf 91' lang='lat' dir='ltr'><strong>ac</strong></span> <span class='ocrx_word' id='word_1_394' title='bbox 2063 4182 2207 4273; x_wconf 86' lang='lat' dir='ltr'><strong>collegis</strong></span> 
     </span>
     <span class='ocr_line' id='line_1_40' title="bbox 174 4273 2209 4374; baseline 0.002 -24"><span class='ocrx_word' id='word_1_395' title='bbox 174 4281 253 4350; x_wconf 84' lang='lat' dir='ltr'><strong>cari</strong></span> <span class='ocrx_word' id='word_1_396' title='bbox 273 4274 828 4366; x_wconf 84' lang='lat' dir='ltr'><strong>controversiacolloqueremur.</strong></span> <span class='ocrx_word' id='word_1_397' title='bbox 878 4274 948 4345; x_wconf 91' lang='lat' dir='ltr'><strong>Sed</strong></span> <span class='ocrx_word' id='word_1_398' title='bbox 971 4275 1017 4344; x_wconf 90' lang='lat' dir='ltr'><strong>ita</strong></span> <span class='ocrx_word' id='word_1_399' title='bbox 1040 4299 1163 4364; x_wconf 86' lang='lat' dir='ltr'><strong>aegro·</strong></span> <span class='ocrx_word' id='word_1_400' title='bbox 1213 4277 1477 4368; x_wconf 87' lang='lat' dir='ltr'><strong>Magdeburgae</strong></span> <span class='ocrx_word' id='word_1_401' title='bbox 1499 4275 1615 4350; x_wconf 91' lang='lat' dir='ltr'><strong>adhuc</strong></span> <span class='ocrx_word' id='word_1_402' title='bbox 1629 4304 1708 4349; x_wconf 90' lang='lat' dir='ltr'><strong>cum</strong></span> <span class='ocrx_word' id='word_1_403' title='bbox 1724 4279 1857 4347; x_wconf 85' lang='lat' dir='ltr'><strong>familia</strong></span> <span class='ocrx_word' id='word_1_404' title='bbox 1873 4273 2021 4366; x_wconf 87' lang='lat' dir='ltr'><strong>haereo,</strong></span> <span class='ocrx_word' id='word_1_405' title='bbox 2047 4299 2209 4374; x_wconf 85' lang='lat' dir='ltr'><strong>expecta·</strong></span> 
     </span>
     <span class='ocr_line' id='line_1_41' title="bbox 173 4375 2209 4478; baseline 0.003 -27"><span class='ocrx_word' id='word_1_406' title='bbox 173 4396 244 4464; x_wconf 90' lang='lat' dir='ltr'><strong>tat,</strong></span> <span class='ocrx_word' id='word_1_407' title='bbox 268 4396 309 4451; x_wconf 89' lang='lat' dir='ltr'><strong>ut</strong></span> <span class='ocrx_word' id='word_1_408' title='bbox 323 4383 416 4450; x_wconf 93' lang='lat' dir='ltr'><strong>bona</strong></span> <span class='ocrx_word' id='word_1_409' title='bbox 430 4378 595 4448; x_wconf 89' lang='lat' dir='ltr'><strong>valetudo</strong></span> <span class='ocrx_word' id='word_1_410' title='bbox 609 4398 703 4460; x_wconf 93' lang='lat' dir='ltr'><strong>non,</strong></span> <span class='ocrx_word' id='word_1_411' title='bbox 728 4375 797 4443; x_wconf 90' lang='lat' dir='ltr'><strong>nisi</strong></span> <span class='ocrx_word' id='word_1_412' title='bbox 812 4375 1001 4457; x_wconf 89' lang='lat' dir='ltr'><strong>divinitus,</strong></span> <span class='ocrx_word' id='word_1_413' title='bbox 1025 4378 1164 4447; x_wconf 90' lang='lat' dir='ltr'><strong>restitui</strong></span> <span class='ocrx_word' id='word_1_414' title='bbox 1214 4396 1332 4465; x_wconf 91' lang='lat' dir='ltr'><strong>turus,</strong></span> <span class='ocrx_word' id='word_1_415' title='bbox 1366 4406 1437 4472; x_wconf 91' lang='lat' dir='ltr'><strong>quo</strong></span> <span class='ocrx_word' id='word_1_416' title='bbox 1460 4404 1514 4449; x_wconf 92' lang='lat' dir='ltr'><strong>res</strong></span> <span class='ocrx_word' id='word_1_417' title='bbox 1535 4381 1606 4449; x_wconf 91' lang='lat' dir='ltr'><strong>sint</strong></span> <span class='ocrx_word' id='word_1_418' title='bbox 1627 4380 1885 4464; x_wconf 68' lang='lat' dir='ltr'><strong>inclinatum,</strong></span> <span class='ocrx_word' id='word_1_419' title='bbox 1919 4397 1953 4451; x_wconf 91' lang='lat' dir='ltr'><strong>et</strong></span> <span class='ocrx_word' id='word_1_420' title='bbox 1977 4386 2087 4454; x_wconf 89' lang='lat' dir='ltr'><strong>donec</strong></span> <span class='ocrx_word' id='word_1_421' title='bbox 2107 4409 2209 4478; x_wconf 89' lang='lat' dir='ltr'><strong>spem</strong></span> 
     </span>
     <span class='ocr_line' id='line_1_42' title="bbox 173 4470 2211 4575; baseline 0.003 -22"><span class='ocrx_word' id='word_1_422' title='bbox 173 4505 275 4575; x_wconf 84' lang='lat' dir='ltr'><strong>posse</strong></span> <span class='ocrx_word' id='word_1_423' title='bbox 301 4482 472 4553; x_wconf 85' lang='lat' dir='ltr'><strong>videatur.</strong></span> <span class='ocrx_word' id='word_1_424' title='bbox 526 4479 630 4550; x_wconf 88' lang='lat' dir='ltr'><strong>lnitia</strong></span> <span class='ocrx_word' id='word_1_425' title='bbox 655 4491 738 4546; x_wconf 90' lang='lat' dir='ltr'><strong>sunt</strong></span> <span class='ocrx_word' id='word_1_426' title='bbox 758 4480 823 4569; x_wconf 82' lang='grc' dir='ltr'><strong>τῆς</strong></span> <span class='ocrx_word' id='word_1_427' title='bbox 843 4470 1099 4571; x_wconf 80' lang='grc' dir='ltr'><em>παραλύσεως,</em></span> <span class='ocrx_word' id='word_1_428' title='bbox 1123 4493 1164 4550; x_wconf 92' lang='lat' dir='ltr'><strong>ut</strong></span> <span class='ocrx_word' id='word_1_429' title='bbox 1214 4480 1312 4551; x_wconf 89' lang='lat' dir='ltr'><strong>Deus</strong></span> <span class='ocrx_word' id='word_1_430' title='bbox 1335 4483 1495 4551; x_wconf 91' lang='lat' dir='ltr'><strong>ostendat</strong></span> <span class='ocrx_word' id='word_1_431' title='bbox 1517 4481 1688 4549; x_wconf 89' lang='lat' dir='ltr'><strong>redeundi</strong></span> <span class='ocrx_word' id='word_1_432' title='bbox 1709 4479 1987 4572; x_wconf 82' lang='lat' dir='ltr'><strong>Wittebergam.</strong></span> <span class='ocrx_word' id='word_1_433' title='bbox 2039 4483 2146 4572; x_wconf 88' lang='lat' dir='ltr'><strong>Quod</strong></span> <span class='ocrx_word' id='word_1_434' title='bbox 2169 4502 2211 4560; x_wconf 91' lang='lat' dir='ltr'><strong>ut</strong></span> 
     </span>
     <span class='ocr_line' id='line_1_43' title="bbox 174 4576 2209 4674; baseline 0.002 -20"><span class='ocrx_word' id='word_1_435' title='bbox 174 4589 219 4654; x_wconf 91' lang='lat' dir='ltr'><strong>de</strong></span> <span class='ocrx_word' id='word_1_436' title='bbox 235 4584 312 4653; x_wconf 85' lang='lat' dir='ltr'><strong>viro</strong></span> <span class='ocrx_word' id='word_1_437' title='bbox 330 4582 465 4670; x_wconf 91' lang='lat' dir='ltr'><strong>optimo</strong></span> <span class='ocrx_word' id='word_1_438' title='bbox 481 4576 635 4649; x_wconf 84' lang='lat' dir='ltr'><strong>Stibaro</strong></span> <span class='ocrx_word' id='word_1_439' title='bbox 652 4581 753 4649; x_wconf 89' lang='lat' dir='ltr'><strong>etiam</strong></span> <span class='ocrx_word' id='word_1_440' title='bbox 771 4578 984 4666; x_wconf 86' lang='lat' dir='ltr'><strong>significasti.</strong></span> <span class='ocrx_word' id='word_1_441' title='bbox 1216 4586 1275 4652; x_wconf 85' lang='lat' dir='ltr'><strong>fiat</strong></span> <span class='ocrx_word' id='word_1_442' title='bbox 1288 4607 1412 4674; x_wconf 89' lang='lat' dir='ltr'><strong>precor</strong></span> <span class='ocrx_word' id='word_1_443' title='bbox 1424 4607 1464 4651; x_wconf 83' lang='lat' dir='ltr'><strong>ex</strong></span> <span class='ocrx_word' id='word_1_444' title='bbox 1478 4581 1598 4651; x_wconf 87' lang='lat' dir='ltr'><strong>animo</strong></span> <span class='ocrx_word' id='word_1_445' title='bbox 1614 4582 1829 4672; x_wconf 89' lang='lat' dir='ltr'><strong>reipublicae</strong></span> <span class='ocrx_word' id='word_1_446' title='bbox 1843 4607 1958 4655; x_wconf 89' lang='lat' dir='ltr'><strong>causa.</strong></span> <span class='ocrx_word' id='word_1_447' title='bbox 1986 4584 2095 4673; x_wconf 87' lang='lat' dir='ltr'><strong>Quod</strong></span> <span class='ocrx_word' id='word_1_448' title='bbox 2112 4589 2209 4658; x_wconf 93' lang='lat' dir='ltr'><strong>enim</strong></span> 
     </span>
     <span class='ocr_line' id='line_1_44' title="bbox 274 4675 2210 4778; baseline 0.003 -24"><span class='ocrx_word' id='word_1_449' title='bbox 274 4682 328 4755; x_wconf 90' lang='lat' dir='ltr'><strong>De</strong></span> <span class='ocrx_word' id='word_1_450' title='bbox 349 4675 532 4775; x_wconf 77' lang='lat' dir='ltr'><strong>Caeparis</strong></span> <span class='ocrx_word' id='word_1_451' title='bbox 561 4683 721 4770; x_wconf 86' lang='lat' dir='ltr'><strong>negotio,</strong></span> <span class='ocrx_word' id='word_1_452' title='bbox 759 4682 789 4748; x_wconf 94' lang='lat' dir='ltr'><strong>si</strong></span> <span class='ocrx_word' id='word_1_453' title='bbox 811 4681 938 4750; x_wconf 87' lang='lat' dir='ltr'><strong>itinera</strong></span> <span class='ocrx_word' id='word_1_454' title='bbox 965 4680 1163 4750; x_wconf 88' lang='lat' dir='ltr'><strong>litterarum</strong></span> <span class='ocrx_word' id='word_1_455' title='bbox 1216 4688 1258 4753; x_wconf 91' lang='lat' dir='ltr'><strong>ad</strong></span> <span class='ocrx_word' id='word_1_456' title='bbox 1277 4709 1333 4752; x_wconf 92' lang='lat' dir='ltr'><strong>me</strong></span> <span class='ocrx_word' id='word_1_457' title='bbox 1349 4685 1483 4765; x_wconf 89' lang='lat' dir='ltr'><strong>attinet,</strong></span> <span class='ocrx_word' id='word_1_458' title='bbox 1508 4683 1630 4767; x_wconf 83' lang='lat' dir='ltr'><strong>feram,</strong></span> <span class='ocrx_word' id='word_1_459' title='bbox 1653 4685 1858 4778; x_wconf 90' lang='lat' dir='ltr'><strong>ubicunque</strong></span> <span class='ocrx_word' id='word_1_460' title='bbox 1872 4684 1980 4770; x_wconf 90' lang='lat' dir='ltr'><strong>Deus,</strong></span> <span class='ocrx_word' id='word_1_461' title='bbox 2008 4689 2103 4759; x_wconf 90' lang='lat' dir='ltr'><strong>volet</strong></span> <span class='ocrx_word' id='word_1_462' title='bbox 2121 4713 2210 4776; x_wconf 89' lang='lat' dir='ltr'><strong>esse,</strong></span> 
     </span>
     <span class='ocr_line' id='line_1_45' title="bbox 175 4783 2209 4880; baseline 0.002 -22"><span class='ocrx_word' id='word_1_463' title='bbox 175 4812 250 4858; x_wconf 90' lang='lat' dir='ltr'><strong>non</strong></span> <span class='ocrx_word' id='word_1_464' title='bbox 275 4784 574 4866; x_wconf 88' lang='lat' dir='ltr'><strong>intercludentur‚</strong></span> <span class='ocrx_word' id='word_1_465' title='bbox 599 4785 759 4853; x_wconf 83' lang='lat' dir='ltr'><strong>existimo</strong></span> <span class='ocrx_word' id='word_1_466' title='bbox 782 4783 964 4852; x_wconf 90' lang='lat' dir='ltr'><strong>dominam</strong></span> <span class='ocrx_word' id='word_1_467' title='bbox 979 4806 1102 4852; x_wconf 90' lang='lat' dir='ltr'><strong>rursus</strong></span> <span class='ocrx_word' id='word_1_468' title='bbox 1120 4785 1164 4852; x_wconf 90' lang='lat' dir='ltr'><strong>ad</strong></span> <span class='ocrx_word' id='word_1_469' title='bbox 1215 4788 1323 4877; x_wconf 88' lang='lat' dir='ltr'><strong>idque</strong></span> <span class='ocrx_word' id='word_1_470' title='bbox 1344 4785 1410 4873; x_wconf 90' lang='lat' dir='ltr'><strong>ipsi</strong></span> <span class='ocrx_word' id='word_1_471' title='bbox 1435 4784 1646 4873; x_wconf 89' lang='lat' dir='ltr'><strong>permittam.</strong></span> <span class='ocrx_word' id='word_1_472' title='bbox 1697 4784 1903 4873; x_wconf 89' lang='lat' dir='ltr'><strong>Cogitabam</strong></span> <span class='ocrx_word' id='word_1_473' title='bbox 1922 4790 2065 4880; x_wconf 91' lang='lat' dir='ltr'><strong>quidem</strong></span> <span class='ocrx_word' id='word_1_474' title='bbox 2083 4793 2122 4860; x_wconf 92' lang='lat' dir='ltr'><strong>in</strong></span> <span class='ocrx_word' id='word_1_475' title='bbox 2138 4788 2209 4863; x_wconf 89' lang='lat' dir='ltr'><strong>hoc</strong></span> 
     </span>
     <span class='ocr_line' id='line_1_46' title="bbox 175 4876 2210 4981; baseline 0.002 -21"><span class='ocrx_word' id='word_1_476' title='bbox 175 4913 232 4960; x_wconf 91' lang='lat' dir='ltr'><strong>me</strong></span> <span class='ocrx_word' id='word_1_477' title='bbox 261 4890 470 4978; x_wconf 91' lang='lat' dir='ltr'><strong>scripturam</strong></span> <span class='ocrx_word' id='word_1_478' title='bbox 495 4906 595 4956; x_wconf 70' lang='lat' dir='ltr'><strong>esse·</strong></span> <span class='ocrx_word' id='word_1_479' title='bbox 635 4883 724 4953; x_wconf 91' lang='lat' dir='ltr'><strong>Nam</strong></span> <span class='ocrx_word' id='word_1_480' title='bbox 749 4888 835 4954; x_wconf 92' lang='lat' dir='ltr'><strong>dnm</strong></span> <span class='ocrx_word' id='word_1_481' title='bbox 857 4876 1008 4981; x_wconf 83' lang='lat' dir='ltr'><strong>Caspur</strong></span> <span class='ocrx_word' id='word_1_482' title='bbox 1029 4886 1165 4954; x_wconf 91' lang='lat' dir='ltr'><strong>tardius</strong></span> <span class='ocrx_word' id='word_1_483' title='bbox 1216 4887 1312 4956; x_wconf 84' lang='lat' dir='ltr'><strong>exilii</strong></span> <span class='ocrx_word' id='word_1_484' title='bbox 1329 4885 1443 4954; x_wconf 92' lang='lat' dir='ltr'><strong>nostri</strong></span> <span class='ocrx_word' id='word_1_485' title='bbox 1459 4889 1677 4977; x_wconf 86' lang='lat' dir='ltr'><strong>temporede</strong></span> <span class='ocrx_word' id='word_1_486' title='bbox 1692 4885 1881 4974; x_wconf 88' lang='lat' dir='ltr'><strong>Ersordia,</strong></span> <span class='ocrx_word' id='word_1_487' title='bbox 1909 4894 1970 4960; x_wconf 91' lang='lat' dir='ltr'><strong>sed</strong></span> <span class='ocrx_word' id='word_1_488' title='bbox 1996 4895 2210 4979; x_wconf 86' lang='lat' dir='ltr'><strong>metuebam,</strong></span> 
     </span>
     <span class='ocr_line' id='line_1_47' title="bbox 176 4984 2209 5087; baseline 0.002 -25"><span class='ocrx_word' id='word_1_489' title='bbox 176 5015 274 5062; x_wconf 89' lang='lat' dir='ltr'><strong>suam</strong></span> <span class='ocrx_word' id='word_1_490' title='bbox 297 4990 515 5058; x_wconf 89' lang='lat' dir='ltr'><strong>voluntatem</strong></span> <span class='ocrx_word' id='word_1_491' title='bbox 538 4984 642 5054; x_wconf 88' lang='lat' dir='ltr'><strong>nobis</strong></span> <span class='ocrx_word' id='word_1_492' title='bbox 664 4986 888 5074; x_wconf 88' lang='lat' dir='ltr'><strong>significavit,</strong></span> <span class='ocrx_word' id='word_1_493' title='bbox 920 4984 1167 5057; x_wconf 88' lang='lat' dir='ltr'><strong>Iurisconsulti</strong></span> <span class='ocrx_word' id='word_1_494' title='bbox 1216 5002 1257 5058; x_wconf 91' lang='lat' dir='ltr'><strong>ut</strong></span> <span class='ocrx_word' id='word_1_495' title='bbox 1279 5011 1343 5078; x_wconf 93' lang='lat' dir='ltr'><strong>pro</strong></span> <span class='ocrx_word' id='word_1_496' title='bbox 1357 4985 1579 5077; x_wconf 90' lang='lat' dir='ltr'><strong>Papistarum</strong></span> <span class='ocrx_word' id='word_1_497' title='bbox 1596 4989 1784 5060; x_wconf 89' lang='lat' dir='ltr'><strong>insolentia</strong></span> <span class='ocrx_word' id='word_1_498' title='bbox 1801 4985 1869 5059; x_wconf 94' lang='lat' dir='ltr'><strong>hoc</strong></span> <span class='ocrx_word' id='word_1_499' title='bbox 1888 5006 2045 5085; x_wconf 91' lang='lat' dir='ltr'><strong>tempore</strong></span> <span class='ocrx_word' id='word_1_500' title='bbox 2062 4994 2209 5087; x_wconf 85' lang='lat' dir='ltr'><strong>possetis</strong></span> 
     </span>
     <span class='ocr_line' id='line_1_48' title="bbox 176 5079 2211 5182; baseline 0.003 -19"><span class='ocrx_word' id='word_1_501' title='bbox 176 5094 253 5164; x_wconf 87' lang='lat' dir='ltr'><strong>sine</strong></span> <span class='ocrx_word' id='word_1_502' title='bbox 274 5092 362 5161; x_wconf 88' lang='lat' dir='ltr'><strong>meis</strong></span> <span class='ocrx_word' id='word_1_503' title='bbox 384 5088 529 5172; x_wconf 87' lang='lat' dir='ltr'><strong>litteris,</strong></span> <span class='ocrx_word' id='word_1_504' title='bbox 562 5088 605 5156; x_wconf 92' lang='lat' dir='ltr'><strong>de</strong></span> <span class='ocrx_word' id='word_1_505' title='bbox 623 5079 753 5155; x_wconf 81' lang='lat' dir='ltr'><strong>Frisio</strong></span> <span class='ocrx_word' id='word_1_506' title='bbox 769 5090 923 5182; x_wconf 85' lang='lat' dir='ltr'><strong>quodam</strong></span> <span class='ocrx_word' id='word_1_507' title='bbox 938 5089 1166 5179; x_wconf 87' lang='lat' dir='ltr'><strong>scripserunt,</strong></span> <span class='ocrx_word' id='word_1_508' title='bbox 1215 5113 1282 5158; x_wconf 91' lang='lat' dir='ltr'><strong>nos</strong></span> <span class='ocrx_word' id='word_1_509' title='bbox 1303 5089 1513 5181; x_wconf 85' lang='lat' dir='ltr'><strong>aliquandiu</strong></span> <span class='ocrx_word' id='word_1_510' title='bbox 1536 5091 1708 5182; x_wconf 91' lang='lat' dir='ltr'><strong>recipere,</strong></span> <span class='ocrx_word' id='word_1_511' title='bbox 1743 5106 1803 5162; x_wconf 91' lang='lat' dir='ltr'><strong>aut</strong></span> <span class='ocrx_word' id='word_1_512' title='bbox 1823 5106 1864 5161; x_wconf 93' lang='lat' dir='ltr'><strong>ut</strong></span> <span class='ocrx_word' id='word_1_513' title='bbox 1885 5094 2005 5165; x_wconf 88' lang='lat' dir='ltr'><strong>liceret</strong></span> <span class='ocrx_word' id='word_1_514' title='bbox 2029 5098 2135 5166; x_wconf 89' lang='lat' dir='ltr'><strong>nobis</strong></span> <span class='ocrx_word' id='word_1_515' title='bbox 2154 5096 2211 5169; x_wconf 85' lang='lat' dir='ltr'><strong>uti</strong></span> 
     </span>
     <span class='ocr_line' id='line_1_49' title="bbox 175 5188 2213 5282; baseline 0.001 -16"><span class='ocrx_word' id='word_1_516' title='bbox 175 5197 276 5266; x_wconf 89' lang='lat' dir='ltr'><strong>cuius</strong></span> <span class='ocrx_word' id='word_1_517' title='bbox 298 5218 372 5262; x_wconf 90' lang='lat' dir='ltr'><strong>non</strong></span> <span class='ocrx_word' id='word_1_518' title='bbox 392 5192 459 5261; x_wconf 89' lang='lat' dir='ltr'><strong>erit</strong></span> <span class='ocrx_word' id='word_1_519' title='bbox 473 5214 558 5261; x_wconf 90' lang='lat' dir='ltr'><strong>usus</strong></span> <span class='ocrx_word' id='word_1_520' title='bbox 574 5191 614 5257; x_wconf 92' lang='lat' dir='ltr'><strong>in</strong></span> <span class='ocrx_word' id='word_1_521' title='bbox 629 5189 709 5258; x_wconf 87' lang='lat' dir='ltr'><strong>aula</strong></span> <span class='ocrx_word' id='word_1_522' title='bbox 727 5205 787 5260; x_wconf 88' lang='lat' dir='ltr'><strong>aut</strong></span> <span class='ocrx_word' id='word_1_523' title='bbox 802 5190 891 5264; x_wconf 87' lang='lat' dir='ltr'><strong>foro.</strong></span> <span class='ocrx_word' id='word_1_524' title='bbox 941 5189 1102 5261; x_wconf 90' lang='lat' dir='ltr'><strong>Scribam</strong></span> <span class='ocrx_word' id='word_1_525' title='bbox 1121 5191 1166 5259; x_wconf 88' lang='lat' dir='ltr'><strong>ad</strong></span> <span class='ocrx_word' id='word_1_526' title='bbox 1215 5188 1370 5281; x_wconf 90' lang='lat' dir='ltr'><strong>hospitio</strong></span> <span class='ocrx_word' id='word_1_527' title='bbox 1395 5204 1527 5275; x_wconf 86' lang='lat' dir='ltr'><strong>vestro,</strong></span> <span class='ocrx_word' id='word_1_528' title='bbox 1553 5193 1776 5282; x_wconf 88' lang='lat' dir='ltr'><strong>praesertim,</strong></span> <span class='ocrx_word' id='word_1_529' title='bbox 1803 5194 1833 5261; x_wconf 89' lang='lat' dir='ltr'><strong>si</strong></span> <span class='ocrx_word' id='word_1_530' title='bbox 1853 5196 1951 5264; x_wconf 91' lang='lat' dir='ltr'><strong>domi</strong></span> <span class='ocrx_word' id='word_1_531' title='bbox 1974 5212 2088 5270; x_wconf 89' lang='lat' dir='ltr'><strong>essent</strong></span> <span class='ocrx_word' id='word_1_532' title='bbox 2105 5199 2213 5270; x_wconf 87' lang='lat' dir='ltr'><strong>uobis</strong></span> 
     </span>
     <span class='ocr_line' id='line_1_50' title="bbox 176 5289 2214 5388; baseline 0.001 -21"><span class='ocrx_word' id='word_1_533' title='bbox 176 5312 209 5368; x_wconf 91' lang='lat' dir='ltr'><strong>te</strong></span> <span class='ocrx_word' id='word_1_534' title='bbox 230 5298 342 5366; x_wconf 91' lang='lat' dir='ltr'><strong>donec</strong></span> <span class='ocrx_word' id='word_1_535' title='bbox 358 5306 494 5386; x_wconf 88' lang='lat' dir='ltr'><strong>potero.</strong></span> <span class='ocrx_word' id='word_1_536' title='bbox 544 5289 636 5360; x_wconf 90' lang='lat' dir='ltr'><strong>Nam</strong></span> <span class='ocrx_word' id='word_1_537' title='bbox 653 5312 717 5380; x_wconf 90' lang='lat' dir='ltr'><strong>ego</strong></span> <span class='ocrx_word' id='word_1_538' title='bbox 735 5290 872 5362; x_wconf 84' lang='lat' dir='ltr'><strong>etiamsi</strong></span> <span class='ocrx_word' id='word_1_539' title='bbox 891 5292 958 5364; x_wconf 88' lang='lat' dir='ltr'><strong>erit</strong></span> <span class='ocrx_word' id='word_1_540' title='bbox 974 5292 1109 5362; x_wconf 91' lang='lat' dir='ltr'><strong>bellum</strong></span> <span class='ocrx_word' id='word_1_541' title='bbox 1126 5291 1166 5360; x_wconf 90' lang='lat' dir='ltr'><strong>in</strong></span> <span class='ocrx_word' id='word_1_542' title='bbox 1215 5293 1366 5363; x_wconf 89' lang='lat' dir='ltr'><strong>docendi</strong></span> <span class='ocrx_word' id='word_1_543' title='bbox 1388 5293 1645 5378; x_wconf 89' lang='lat' dir='ltr'><strong>adolescentes,</strong></span> <span class='ocrx_word' id='word_1_544' title='bbox 1677 5295 1739 5388; x_wconf 90' lang='lat' dir='ltr'><strong>qui</strong></span> <span class='ocrx_word' id='word_1_545' title='bbox 1762 5308 1903 5367; x_wconf 89' lang='lat' dir='ltr'><strong>nostrae</strong></span> <span class='ocrx_word' id='word_1_546' title='bbox 1925 5300 2007 5369; x_wconf 89' lang='lat' dir='ltr'><strong>fidei</strong></span> <span class='ocrx_word' id='word_1_547' title='bbox 2031 5301 2214 5374; x_wconf 86' lang='lat' dir='ltr'><strong>commissi</strong></span> 
     </span>
    </p>
   </div>
   <div class='ocr_carea' id='block_1_9' title="bbox 1439 1871 1983 1987">
    <p class='ocr_par' dir='ltr' id='par_1_20' title="bbox 1439 1871 1983 1987">
     <span class='ocr_line' id='line_1_51' title="bbox 1439 1871 1983 1987; baseline 0.011 -32"><span class='ocrx_word' id='word_1_548' title='bbox 1439 1871 1674 1955; x_wconf 83' lang='lat' dir='ltr'><strong>Marcellus</strong></span> <span class='ocrx_word' id='word_1_549' title='bbox 1690 1873 1752 1956; x_wconf 85' lang='lat' dir='ltr'><strong>ud</strong></span> <span class='ocrx_word' id='word_1_550' title='bbox 1767 1873 1983 1987; x_wconf 84' lang='lat' dir='ltr'><strong>Longum.</strong></span> 
     </span>
    </p>
   </div>
   <div class='ocr_carea' id='block_1_10' title="bbox 171 3610 1166 3815">
    <p class='ocr_par' dir='ltr' id='par_1_21' title="bbox 171 3610 1166 3815">
     <span class='ocr_line' id='line_1_52' title="bbox 171 3610 1166 3709; baseline -0.011 -16"><span class='ocrx_word' id='word_1_551' title='bbox 171 3612 333 3694; x_wconf 84' lang='lat' dir='ltr'><strong>Clariss.</strong></span> <span class='ocrx_word' id='word_1_552' title='bbox 369 3616 446 3687; x_wconf 80' lang='lat' dir='ltr'><strong>viro</strong></span> <span class='ocrx_word' id='word_1_553' title='bbox 481 3611 681 3684; x_wconf 83' lang='lat' dir='ltr'><strong>eruditione</strong></span> <span class='ocrx_word' id='word_1_554' title='bbox 719 3622 751 3682; x_wconf 85' lang='lat' dir='ltr'><strong>et</strong></span> <span class='ocrx_word' id='word_1_555' title='bbox 792 3610 919 3683; x_wconf 71' lang='lat' dir='ltr'><strong>virtute</strong></span> <span class='ocrx_word' id='word_1_556' title='bbox 956 3610 1166 3709; x_wconf 83' lang='lat' dir='ltr'><strong>praestanti</strong></span> 
     </span>
     <span class='ocr_line' id='line_1_53' title="bbox 208 3711 1125 3815; baseline -0.011 -21"><span class='ocrx_word' id='word_1_557' title='bbox 208 3720 239 3794; x_wconf 91' lang='lat' dir='ltr'><em>I</em></span> <span class='ocrx_word' id='word_1_558' title='bbox 243 3715 368 3794; x_wconf 83' lang='lat' dir='ltr'><strong>uach.</strong></span> <span class='ocrx_word' id='word_1_559' title='bbox 394 3711 664 3790; x_wconf 85' lang='lat' dir='ltr'><strong>Camerario</strong></span> <span class='ocrx_word' id='word_1_560' title='bbox 681 3713 809 3815; x_wconf 79' lang='lat' dir='ltr'><strong>fratri</strong></span> <span class='ocrx_word' id='word_1_561' title='bbox 827 3739 895 3785; x_wconf 87' lang='lat' dir='ltr'><strong>suo</strong></span> <span class='ocrx_word' id='word_1_562' title='bbox 916 3713 1125 3797; x_wconf 83' lang='lat' dir='ltr'><strong>carissimo,</strong></span> 
     </span>
    </p>
   </div>
   <div class='ocr_carea' id='block_1_11' title="bbox 173 5454 380 5467">
    <p class='ocr_par' dir='ltr' id='par_1_22' title="bbox 173 5454 380 5467">
     <span class='ocr_line' id='line_1_54' title="bbox 173 5454 380 5467; baseline -0.014 0"><span class='ocrx_word' id='word_1_563' title='bbox 173 5454 380 5467; x_wconf 48' lang='grc' dir='ltr'><strong><em>Μ</em></strong></span> 
     </span>
    </p>
   </div>
   <div class='ocr_carea' id='block_1_12' title="bbox 207 5521 1592 5595">
    <p class='ocr_par' dir='ltr' id='par_1_23' title="bbox 207 5521 1592 5595">
     <span class='ocr_line' id='line_1_55' title="bbox 207 5521 1592 5595; baseline -0.005 -7"><span class='ocrx_word' id='word_1_564' title='bbox 207 5524 238 5594; x_wconf 61' lang='lat' dir='ltr'><strong>l)</strong></span> <span class='ocrx_word' id='word_1_565' title='bbox 256 5524 434 5582; x_wconf 67' lang='lat' dir='ltr'><strong>londinum.</strong></span> <span class='ocrx_word' id='word_1_566' title='bbox 1248 5521 1278 5593; x_wconf 68' lang='lat' dir='ltr'><strong>*t</strong></span> <span class='ocrx_word' id='word_1_567' title='bbox 1298 5524 1433 5582; x_wconf 79' lang='lat' dir='ltr'><strong>videlieet</strong></span> <span class='ocrx_word' id='word_1_568' title='bbox 1445 5524 1592 5595; x_wconf 65' lang='lat' dir='ltr'><strong>hyemales.</strong></span> 
     </span>
    </p>
   </div>
   <div class='ocr_carea' id='block_1_13' title="bbox 0 0 2390 6020">
    <p class='ocr_par' dir='ltr' id='par_1_24' title="bbox 0 0 2390 6020">
     <span class='ocr_line' id='line_1_56' title="bbox 0 0 2390 6020; baseline 0 0"><span class='ocrx_word' id='word_1_569' title='bbox 0 0 2390 6020; x_wconf 95' lang='lat' dir='ltr'><strong> </strong></span> 
     </span>
    </p>
   </div>
  </div>
 </body>
</html>
