4748 6022
72 211 148 287 509
590 262 599 273 .
664 197 1103 275 EPISTOLARUM
1158 199 1337 278 LlB.X.
1388 197 1522 280 1547.
2033 199 2111 274 510

72 405 149 472 gam
170 380 307 448 mittere
325 377 492 468 potueris.
543 372 598 445 Ex
615 366 809 444 Iouehimo
826 372 1005 456 intellexi,
1032 385 1066 442 te
1112 369 1307 445 Nosses.
1588 358 1591 365 ¹
1954 372 2107 456 26.Apr.

72 478 298 554 Rochlicium
331 493 412 547 ante
444 478 665 548 obsidionem
699 475 917 547 concessisse.
982 471 1064 561 Quo
1119 467 1290 498 Μ
1942 467 2106 494 “’”“’

72 600 229 674 tempore
243 575 458 649 Ioachr'mus
480 581 572 670 apud
594 576 763 647 Ascanios
783 577 960 667 principes
984 576 1061 646 suit.
1541 545 1595 630 Ν.
1620 546 1674 631 Ν.

47 685 195 755 'Postea
222 708 302 751 cum
326 684 459 752 familia
479 705 540 750 sua
561 679 745 749 Franciam
769 679 923 747 vicinam
946 679 1063 769 prose·
1180 707 1260 778 gg,
1279 723 1371 777 apogr.
1392 705 1454 760 „g
1475 703 1570 774 tangit
1588 723 1614 777 Ρ,
1629 701 1699 762 19b.
1736 703 1815 760 em,
1835 701 1944 775 epistota
1964 700 1993 756 i„
2009 700 2104 756 codiee

70 801 145 855 ctus
161 799 228 869 est,
255 784 505 872 Norimbergac
524 781 742 873 aliquamdiu
757 803 957 852 mansurus.
996 767 1063 846 Ci-
1209 775 1398 848 inscriptione.

66 887 211 981 glerum
231 887 350 954 audivi
375 887 467 975 apud
489 885 613 952 fratem
636 905 708 950 esse
728 881 767 949 in
789 880 918 975 Mysia.
967 878 1062 950 Scito
1207 965 1211 978 .
1542 927 1585 1004 N
1617 925 1661 1002 Ν

69 994 107 1056 in
125 987 314 1058 Academia
329 980 630 1078 Regiumoutunu
653 983 691 1050 in
706 981 848 1051 Prussia
865 977 981 1050 adhuc
1000 983 1062 1051 de·
1523 937 1545 1024 (
1585 985 1594 1006 ·
1660 931 1689 1021 ’)

68 1091 217 1159 siderari
247 1089 410 1156 lectorem
432 1081 690 1174 theologicum,
725 1084 860 1176 tibique
882 1084 998 1152 locum
1023 1082 1061 1149 in
1109 1062 1327 1152 Reverendo
1343 1081 1399 1149 vir
1412 1094 1448 1151 et
1463 1082 1574 1150 amice
1589 1078 1802 1150 charissime.
1849 1077 1919 1148 Hic
1935 1073 2104 1147 honestus

67 1216 108 1261 ea
124 1187 311 1260 Academia
329 1182 517 1256 honestum
535 1208 608 1254 esse
624 1208 735 1275 posse,
752 1186 781 1253 si
797 1186 939 1275 expetis,
956 1207 1059 1275 quem
1079 1221 1083 1233 ·
1109 1186 1182 1263 vir,
1207 1180 1347 1253 Hunos
1373 1179 1551 1266 Ammon,
1577 1180 1759 1277 Cygneus,
1790 1177 2020 1250 honestorum
2039 1201 2104 1246 ne-

68 1294 185 1361 locum
209 1304 242 1358 et
265 1281 482 1357 [oachimus
505 1284 588 1356 hinc
611 1287 735 1355 abiens
757 1286 826 1355 sibi
844 1284 975 1377 servari
996 1309 1060 1353 vo·
1109 1286 1289 1375 gociorum
1314 1308 1416 1355 causa
1438 1284 1593 1354 decrevit
1614 1285 1653 1352 in
1674 1285 1799 1353 urbem
1826 1279 1871 1352 V
1866 1275 2103 1350 ratislaeiam

67 1395 145 1464 luit.
196 1389 243 1460 Et
264 1413 326 1479 ego
349 1392 501 1459 libenter
515 1390 559 1456 ad
575 1387 776 1478 Principem
790 1382 931 1454 Ducem
945 1378 1061 1455 Prus-
1108 1387 1291 1478 proticisci.
1348 1386 1398 1457 Ut
1423 1386 1475 1454 ibi
1503 1399 1536 1455 ct
1556 1398 1746 1476 patronum
1767 1385 1921 1478 aliquem
1947 1376 2105 1465 haberet,

66 1493 145 1562 siae
167 1495 210 1560 de
234 1504 269 1560 te
292 1492 454 1560 scribam.
508 1486 676 1558 Arbitror
690 1503 723 1557 te
741 1511 841 1579 posse
858 1511 954 1557 nunc
972 1512 1061 1580 quo·
1109 1490 1226 1559 literas
1241 1489 1273 1556 ei
1288 1492 1331 1556 ad
1349 1502 1383 1558 te
1397 1488 1497 1571 dedi,
1519 1500 1621 1578 teque
1637 1510 1718 1570 oro,
1740 1500 1778 1555 ut
1794 1497 1952 1555 amanter
1966 1507 2045 1552 eum
2058 1481 2103 1551 iis

65 1619 134 1687 que
155 1590 224 1664 buc
247 1596 291 1662 ad
308 1616 374 1660 nos
389 1615 590 1673 excurrere,
620 1613 659 1658 ac
674 1614 792 1659 coram
809 1591 852 1658 de
869 1590 990 1659 multis
1005 1613 1061 1657 re·
1109 1591 1246 1660 civibus
1267 1590 1510 1672 commendes,
1536 1603 1686 1679 quorum
1710 1588 1742 1655 ci
1765 1588 1892 1657 notitia
1914 1609 2003 1676 opus
2025 1583 2103 1668 erit,

65 1698 131 1764 bus
157 1694 352 1782 copiosium
384 1688 448 1764 καὶ
481 1688 709 1786 σαφέστερον
737 1691 837 1782 loqui
868 1714 1060 1781 possemus.
1108 1691 1347 1773 videlicetiis‚
1369 1690 1431 1782 qui
1447 1713 1583 1781 pannos
1596 1690 1744 1758 mercari
1759 1703 1793 1759 et
1808 1689 1960 1758 vendere
1976 1685 2103 1758 solent.

64 1796 147 1865 Mea
172 1795 243 1862 filia
261 1790 371 1862 Anna
396 1795 525 1864 coniux
542 1790 682 1861 Sabini
703 1793 741 1860 in
758 1790 900 1862 Prussia
920 1806 1060 1861 mortua
1107 1791 1244 1861 Harum
1275 1792 1460 1879 regionum
1490 1791 1708 1860 tristissimae
1739 1790 1952 1859 calamitates
1973 1786 2103 1855 multos

64 2000 108 2066 tis
126 2020 205 2086 erga
222 1995 336 2065 Deum
356 2013 389 2067 et
405 2019 483 2085 crga
499 1995 678 2063 maritum.
715 1989 809 2062 Mihi
824 1995 907 2065 satis
924 1993 1059 2064 tristem
1105 2007 1198 2065 rant.
1250 1989 1390 2062 Adiuva
1410 1992 1519 2081 igitur
1541 2015 1624 2076 nos,
1654 2004 1687 2061 et
1709 2015 1789 2061 curn
1810 1992 1881 2063 tuis
1896 1988 2103 2082 parentibus

62 2100 269 2168 memoriam
287 2099 432 2190 reliquit
449 2120 590 2165 suarum
610 2095 858 2166 calamitatum.
897 2094 966 2167 Sed
983 2094 1059 2185 pri·
1106 2121 1145 2164 ac
1167 2096 1352 2164 nobiscum
1373 2108 1472 2163 orato
1488 2092 1622 2178 Deum,
1646 2106 1687 2163 ut
1701 2105 1822 2185 pacem
1838 2107 1872 2163 et
1886 2089 2052 2162 Ecclesiis
2066 2100 2102 2157 et

60 2213 181 2269 vatum
209 2199 368 2267 dolorem
400 2209 542 2288 superat
576 2196 770 2279 moestitia,
811 2220 879 2288 qua
913 2195 1059 2264 adficior
1106 2194 1262 2265 honestis
1280 2189 1486 2265 hominibus
1502 2194 1675 2265 restituat.
1716 2192 1812 2264 Bene
1829 2195 1916 2266 vale.
1957 2188 2026 2261 Die
2038 2184 2101 2263 25.

59 2313 207 2391 propter
232 2300 497 2388 rempublicam.
548 2293 657 2384 Erigo
682 2308 799 2365 tamen
823 2297 1059 2364 meconsola·
1105 2293 1242 2389 Aprilis
1260 2293 1370 2369 1547.
1496 2303 1501 2312 '

24 2429 27 2433 ’
61 2400 217 2470 tionibus
255 2401 429 2471 divinitus
467 2398 617 2468 traditis.
687 2394 823 2486 Regem
865 2394 1056 2486 Anglicum
1469 2404 1471 2411 '
1906 2391 1973 2466 Ph.
1996 2391 2050 2462 Μ.

58 2497 259 2571 Heuricum
281 2503 386 2569 ctiam
404 2513 583 2568 mortuum
603 2519 676 2566 esse
693 2511 829 2569 certum
845 2512 907 2568 est.
959 2494 1056 2565 Bene

59 2604 135 2672 vale
150 2616 183 2671 et
197 2602 368 2685 rescribe,
394 2615 456 2672 aut
470 2596 539 2668 huc
555 2599 683 2670 venite.

157 2702 345 2772 Familiam
365 2716 459 2773 tuam
475 2702 581 2772 etiam
598 2694 668 2770 huc
682 2700 853 2770 collocare
868 2700 989 2792 possis.
1102 2733 1157 2803 No
1194 2729 1294 2807 3355
1926 2737 1984 2803 25·
2001 2731 2081 2816 Apu

56 2801 124 2874 Die
142 2802 303 2894 Georgii.
1106 2786 1320 2869 φης’.
1920 2823 2093 2856 Μ

717 2897 851 2994 Philip.
868 2899 1003 2971 Melan.
1307 2913 1549 3000 Eberusod
1564 2913 1895 2998 Melentbonem.

61 3103 1050 3121 ..........-----—---—--—--------·
1169 3081 1190 3144 †
1206 3075 1245 3132 Es
1257 3079 1425 3151 autographo
1437 3077 1518 3133 uberi
1531 3075 1561 3131 in
1574 3075 1637 3134 cod·
1650 3073 1733 3131 Goth.
1748 3072 1807 3131 128.
1824 3089 1868 3146 sp.
1881 3070 1928 3126 98.

49 3230 256 3308 N⁰·5853·
874 3239 1047 3361 Q
1103 3228 1268 3318 (Paulus
1298 3231 1531 3306 Eberusad
1575 3229 1849 3334 Philippum
1900 3222 2096 3300 Melau—
2201 3251 2208 3263 “

57 3332 273 3368 Μ
1484 3332 1696 3429 tionem.)

341 3428 532 3513 Iohanni
551 3433 764 3518 ministro.
1196 3421 1204 3442 ’

1099 3464 1143 3555 S.
1170 3481 1216 3558 D.
1266 3481 1479 3575 Experimur
1501 3509 1628 3577 magno
1651 3510 1732 3556 cum
1748 3498 1872 3555 nostro
1886 3481 2003 3568 malo,
2032 3503 2094 3552 ve·

119 3593 206 3664 rpus.
221 3591 269 3647 us.
283 3591 319 3648 u.
337 3608 364 3664 p.
377 3591 437 3646 ses.
457 3590 892 3665 (aa.1.0na.m.11.2p.sos.).
1098 3586 1277 3656 tissimum
1291 3609 1365 3656 esse
1379 3589 1475 3680 quod
1489 3601 1592 3679 poeta
1612 3587 1717 3657 dixit:
1891 3586 1894 3595 '

178 3762 208 3835 I
241 3759 267 3834 h
385 3761 393 3780 .
415 3757 483 3833 M.
517 3761 523 3780 .
804 3764 812 3783 .
858 3764 866 3783 .
1182 3712 1293 3776 Omnia
1315 3723 1387 3776 sunt
1408 3712 1565 3778 bominum
1587 3712 1670 3777 tenui
1693 3712 1854 3793 prudentie
1873 3709 1937 3791 filo,

213 3790 234 3836 ⁰
276 3788 391 3833 “W
467 3772 577 3834 ’ΜΓ
578 3787 599 3834 ⁰
619 3759 924 3857 ⁸¹⁴⁰fid⁶ll⁸⁸⁸m⁰
1177 3798 1219 3862 tu
1241 3797 1341 3862 subito
1365 3817 1441 3864 essu
1462 3819 1541 3881 qnae
1562 3800 1687 3864 reluere
1708 3807 1810 3862 nunt.

48 3901 96 3994 S.
121 3914 167 3991 D.
218 3910 432 3985 Charissime
448 3905 612 3992 Ioanne,
639 3911 763 3987 Toties
782 3935 818 3981 se
837 3913 1049 3986 vocatDeus
1095 3911 1185 3984 Heri
1207 3915 1301 3988 inter
1319 3917 1480 4011 quartam
1503 3933 1538 3990 et
1550 3919 1709 4013 quintam
1724 3918 1959 4009 vespertinam
1976 3913 2091 3984 nostri

48 4020 192 4093 Patrem
215 4012 476 4107 orphanorum,
501 4014 684 4083 credamus
706 4012 835 4103 igitur,
859 4027 895 4086 et
909 4030 1048 4089 nostros
1095 4017 1230 4109 equites
1245 4018 1284 4087 in
1298 4019 1417 4109 sugam
1433 4021 1593 4089 conversi
1606 4020 1746 4090 suntad
1761 4018 1933 4110 oppidum
1946 4009 2091 4086 Mulu-

49 4119 249 4216 orphanos‚
273 4138 363 4208 quos
383 4127 423 4185 tu
438 4112 599 4207 quotidie
612 4124 748 4200 gestas,
768 4126 804 4184 et
819 4137 956 4188 summa
970 4119 1047 4210 pie·
1095 4114 1193 4211 berg.
1229 4117 1350 4189 Palam
1369 4121 1424 4190 illi
1440 4121 1529 4190 cirea
1546 4121 1696 4212 primam
1711 4112 1835 4190 horam
1851 4118 1965 4188 noctis
1980 4139 2089 4186 vene·

49 4237 121 4295 tate
143 4221 289 4299 educas,
315 4217 348 4284 ei
365 4238 470 4286 curae
486 4237 569 4288 esse.
621 4210 698 4282 lmo
714 4213 1046 4310 nosipsosquoquc
1094 4234 1177 4287 runt
1200 4222 1244 4288 ad
1267 4221 1405 4293 urbem.
1453 4219 1574 4291 Nostri
1592 4222 1828 4314 suspicantes,
1851 4243 1925 4289 esse
1943 4214 2088 4287 hostiles

46 4349 130 4396 cum
152 4340 274 4390 revera
299 4315 409 4385 simus
423 4311 593 4408 orphani,
618 4313 769 4384 sciamus
783 4316 829 4385 ab
844 4338 886 4384 eo
902 4329 936 4386 et
950 4318 999 4388 ali
1012 4333 1046 4390 et
1093 4317 1257 4402 insidias,
1288 4322 1508 4392 conclamare
1530 4324 1708 4395 iusserunt
1731 4324 1776 4391 ad
1805 4344 1912 4390 anna.
1967 4315 2087 4388 Excu-

45 4423 206 4519 protegi,
238 4430 272 4488 ct
294 4438 361 4485 nos
382 4415 450 4506 ipsi
465 4417 764 4490 commendemus.
815 4413 941 4488 Fretus
958 4441 1046 4489 con·
1092 4418 1171 4489 biae
1192 4419 1336 4491 suerunt
1358 4421 1397 4492 in
1412 4423 1506 4493 vallo
1519 4449 1631 4520 usque
1645 4425 1689 4495 ad
1705 4422 1921 4504 diluculum,
1947 4419 2012 4491 ubi
2027 4443 2086 4489 ae·

46 4525 192 4599 scientia
220 4532 332 4590 rectae
358 4516 553 4586 voluntatis
573 4530 609 4588 et
633 4516 906 4604 moderationis„
938 4544 1044 4613 quam
1090 4542 1151 4610 gre
1177 4534 1260 4592 sunt
1287 4523 1400 4614 agniti
1428 4526 1542 4597 nostri
1572 4540 1606 4595 et
1629 4523 1760 4615 recepti
1786 4523 1825 4592 in
1847 4523 1993 4606 urbem,
2022 4521 2087 4614 qui

45 4619 361 4699 turbulentissimis
376 4619 596 4709 temporibus
612 4618 789 4711 praestiti,
809 4620 971 4692 nondum
985 4623 1043 4692 fu·
1090 4621 1262 4692 nuncium
1292 4626 1489 4697 attulerunt
1514 4629 1558 4696 de
1588 4624 1791 4696 foedissime
1810 4637 1923 4714 strage
1948 4635 1983 4693 et
2002 4622 2086 4712 fuga

44 4751 128 4820 gere
148 4723 305 4806 decrevi,
336 4744 375 4790 ac
390 4715 467 4790 Deo
489 4719 654 4803 iuvante,
685 4720 731 4789 ad
754 4744 817 4790 vos
839 4720 932 4793 intra
953 4723 1043 4793 octi-
1090 4735 1306 4800 nostrorum.
1356 4723 1439 4798 Duo
1460 4728 1616 4799 iuniores
1636 4725 1814 4818 principes
1829 4725 1897 4794 ilii
1911 4720 2088 4796 Electoris

44 4833 159 4901 duum
174 4848 342 4896 unacum
361 4820 503 4910 collegis
521 4820 804 4895 rediturussum.
855 4820 942 4894 Misi
958 4819 1043 4896 hinc
1089 4837 1123 4894 et
1138 4815 1242 4894 Otho
1255 4828 1326 4897 dux
1340 4825 1634 4912 Brunsvicensis,
1663 4823 1708 4901 V
1703 4824 1944 4918 isidiseiputi,
1968 4825 2088 4895 redis-

44 4928 217 5001 nuncium
235 4926 278 4994 ad
293 4946 374 5007 vos,
399 4922 456 4992 cui
471 4921 554 4991 dedi
570 4921 715 5012 paginas
729 4917 945 4994 exhibendas
959 4923 1041 4996 Ma·
1087 4939 1183 4999 reiut.
1234 4925 1402 4998 Nostrum
1416 4930 1614 5022 piissimum
1632 4928 1966 5000 etadllectissimum
1981 4927 2084 5018 prin-

43 5021 310 5124 gistroPau103
337 5046 440 5115 spero
462 5046 543 5093 eum
558 5024 603 5092 ad
618 5044 681 5091 vos
697 5023 914 5114 pervenisse,
939 5027 1040 5097 vide-
1086 5026 1199 5116 cipem
1222 5025 1421 5102 Electorem
1450 5032 1610 5102 nondum
1635 5030 1843 5122 accepimus.
1903 5022 2084 5100 Amultis

41 5132 151 5206 barm
177 5131 272 5199 enim
303 5121 410 5196 homo
438 5147 512 5193 non
537 5147 651 5196 vanus
673 5146 765 5208 esse,
801 5138 836 5195 et
857 5125 944 5196 civis
964 5143 1039 5199 erat
1086 5128 1216 5199 dieitur
1239 5143 1377 5222 captus,
1407 5132 1613 5225 aplurimis
1631 5147 1750 5204 umen
1773 5130 2083 5223 nobisspeslitde

40 5228 246 5324 Torgensis.
316 5225 481 5296 Nostram
514 5224 683 5295 familiam
716 5223 783 5295 tibi
815 5231 1036 5305 consuendo.
1085 5228 1160 5298 eius
1182 5229 1354 5302 ineolumi
1376 5235 1545 5305 adventu.
1596 5233 1693 5306 Deus
1714 5246 1878 5305 aeternus
1899 5246 2000 5325 pater
2014 5233 2082 5304 do·

39 5330 138 5406 Bene
156 5347 191 5404 et
207 5329 357 5402 feliciter
369 5326 459 5399 vale.
509 5323 577 5399 Die
593 5324 752 5418 Georgii.
1084 5330 1176 5401 mini
1205 5333 1318 5404 nostri
1346 5330 1425 5407 lesu
1446 5329 1581 5413 Christi
1601 5358 1684 5408 eum
1706 5332 1921 5406 incolumem
1943 5335 1991 5406 ad
2016 5356 2085 5406 nos
2165 5364 2168 5369 ·
