4748 6022
229 246 243 271 ⁹
293 293 366 370 aaa
716 332 722 343 ,
871 273 1304 355 srrsroaaaura
1366 279 1558 363 arax.
1620 234 1806 359 mass
2252 246 2331 366 'aar

167 496 170 500 ·
294 483 415 563 genter
438 460 688 556 inquisivimus
710 455 785 528 eius
808 456 963 528 rationes
985 454 1024 523 in
1040 451 1167 523 studiis
1182 464 1216 522 et
1231 448 1287 518 vi-
1337 455 1483 526 nomine
1501 456 1632 546 gratias
1645 455 1692 532 R.
1713 455 1759 533 V,
1774 455 1827 533 M.
1842 458 1995 547 agimus,
2021 471 2054 528 et
2076 483 2263 550 rogamus,
2281 477 2330 557 ut

296 592 368 646 tam
396 570 494 650 cius,
518 587 559 634 ac
581 560 837 651 comperimus,
861 560 978 649 ipsum
1004 555 1181 647 praeclare
1204 575 1288 649 pto-
1336 581 1443 648 porro
1467 554 1551 628 hnic
1567 553 1742 654 Thycltin
1764 560 1899 653 aliquid
1916 561 2064 650 ⁶adiiciat
2086 560 2131 636 R.
2151 562 2194 636 V.
2213 564 2330 635 Maie-

294 673 417 746 fecisse
441 670 480 736 in
501 668 678 736 bonarum
705 661 834 730 artium
859 660 1006 742 studiis,
1032 656 1163 751 quibus
1186 667 1221 724 et
1243 654 1289 722 ad
1337 660 1435 729 statis
1453 661 1664 747 liberalitas,
1692 664 1786 733 unde
1812 659 1867 730 his
1885 663 1952 753 piis
1967 662 2092 731 studiis
2112 678 2145 735 et
2168 690 2331 736 neeessa-

295 768 586 846 vitaehumanae
611 788 733 843 usum,
766 752 1289 833 etaddoctrinaechristianae
1338 762 1400 830 riis
1417 766 1639 837 corrrmodius
1654 789 1777 834 vacare
1792 765 1912 856 possit.
1963 761 2082 834 Faciet
2095 763 2142 838 R.
2156 765 2209 843 M.
2224 767 2268 842 V.
2291 769 2331 838 in

297 874 565 968 explicationem
590 880 625 936 et
646 864 935 957 propagationem
958 860 1110 930 maxime
1124 881 1214 949 opus
1227 870 1290 927 est.
1338 858 1405 932 hac
1429 888 1468 933 re
1491 890 1579 955 opus
1592 865 1667 943 Deo
1693 880 1850 956 gratum,
1872 866 1936 958 qui
1953 863 2049 934 haud
2063 868 2171 936 dubie
2185 885 2333 962 propter

296 980 389 1054 Nam
419 973 530 1042 latina
558 970 679 1058 lingua
711 966 872 1056 expedite
894 978 928 1033 et
956 961 1092 1052 egregie
1115 960 1231 1030 utitur
1252 969 1292 1026 cl
1337 979 1470 1035 vestras
1488 967 1641 1060 reliquas
1660 954 1807 1039 virtutes
1824 982 1858 1038 et
1874 969 1962 1039 tales
1986 968 2226 1063 eleemosynas
2249 997 2331 1044 mu-.

298 1074 554 1175 graecedidicit
569 1094 608 1140 ea
622 1068 801 1151 facilitate,
817 1080 858 1137 ut
873 1065 912 1134 in
927 1064 1035 1152 sacris
1053 1062 1165 1132 literis
1179 1060 1291 1130 multa
1338 1067 1415 1138 niet
1427 1064 1473 1142 Ii.
1491 1065 1542 1139 M.
1563 1069 1604 1144 V,
1621 1091 1793 1160 regnum,
1816 1093 1890 1138 non
1913 1069 2028 1139 sulum
2048 1094 2130 1160 pace
2148 1085 2181 1141 et
2197 1075 2329 1166 praesi-

297 1193 445 1279 propter
467 1175 543 1245 eius
564 1172 706 1260 linguae
727 1168 964 1258 cognitionem
988 1163 1116 1241 maiori
1138 1161 1291 1233 dexteri·
1339 1168 1408 1238 diis
1430 1194 1470 1239 ac
1493 1174 1710 1242 ornamentis
1731 1171 1916 1258 civilibus,
1949 1177 2011 1240 sed
2041 1185 2077 1241 et
2097 1173 2247 1245 donabit
2269 1200 2330 1246 ro-

297 1300 370 1357 tare
387 1280 544 1349 iudicare
560 1286 595 1344 et
611 1272 782 1364 explicare
799 1271 918 1362 possit.
954 1264 999 1337 Et
1015 1265 1184 1359 quoniam
1202 1285 1291 1354 ⁰9⁰⁵
1339 1272 1455 1362 pinsas
1471 1273 1613 1343 divitias
1638 1273 1675 1342 in
1694 1274 1758 1343 filii
1772 1273 1827 1343 sui
1842 1273 1991 1353 noticia,
2017 1297 2108 1364 quae
2122 1275 2160 1344 in
2178 1272 2243 1346 hae
2258 1278 2330 1348 vita

299 1398 351 1458 est
374 1382 412 1451 in
436 1380 597 1449 docendo
623 1386 717 1445 recta
739 1374 894 1450 ratione,
920 1383 955 1439 et
976 1366 1198 1438 eruditorum
1224 1361 1291 1434 ho-
1339 1386 1371 1442 οι
1386 1367 1504 1445 futura
1523 1389 1726 1466 perpetuam
1740 1374 1966 1446 foelicitatem
1983 1373 2099 1449 offert.
2145 1375 2253 1465 Quod
2268 1403 2330 1449 su·

299 1486 438 1559 minum
462 1477 722 1569 disputationes
747 1476 791 1543 de
815 1496 933 1543 rerum
956 1485 1083 1540 natura
1105 1491 1146 1536 ex
1179 1465 1292 1536 causis
1339 1488 1472 1566 petest,
1498 1473 1611 1547 ΚΜ,
1629 1475 2247 1549 v,00,nmendamusaetem0patri
2264 1468 2330 1551 do·-

299 1591 473 1659 virtutum
488 1595 524 1651 et
538 1578 697 1650 civilium
711 1570 1188 1661 officiorumdiligentissime
1208 1591 1290 1657 cog·
1339 1577 1429 1644 mini
1452 1577 1564 1647 nostri
1588 1576 1667 1650 lesu
1688 1573 1845 1663 Christi,
1876 1590 1916 1646 ut
1938 1592 2105 1669 perpetua
2128 1580 2272 1653 fortuna
2296 1595 2331 1653 eg

299 1689 418 1771 novit,
456 1709 496 1755 ac
527 1681 703 1752 eruditam
730 1690 826 1749 tenet
854 1673 1143 1747 distributionem
1170 1694 1209 1739 ac
1237 1692 1292 1738 se-
1339 1677 1470 1747 virtute
1490 1679 1631 1763 floreat,
1665 1681 1759 1773 quod
1783 1692 1823 1749 ut
1843 1679 1904 1748 liat
1924 1700 2110 1770 precamur
2133 1705 2175 1751 ex
2197 1684 2330 1754 animo,

300 1782 654 1876 riemtemporumab
671 1780 776 1849 initio
791 1777 1041 1868 mundiusque
1057 1777 1100 1844 ad
1117 1768 1210 1842 hanc
1225 1793 1292 1839 no·
1339 1775 1437 1848 Bene
1464 1781 1576 1850 valeat
1602 1779 1649 1852 R,
1670 1779 1723 1852 M,
1747 1778 1791 1855 v·
1851 1779 1963 1851 Duae
1990 1780 2241 1875 winebergae
2271 1787 2330 1856 die

301 1909 410 1964 stram
426 1900 586 1956 aetatem.
628 1878 670 1951 ln
688 1905 757 1972 qua
770 1880 932 1949 doctriua
947 1878 1053 1947 simul
1069 1897 1207 1944 necesse
1226 1871 1293 1941 fuit
1339 1877 1401 1955 24,
1417 1879 1508 1950 Maii
1526 1877 1635 1957 1546,

301 2017 382 2064 enm
398 1985 584 2078 complecti
608 1981 776 2052 noticiam
792 1979 1014 2073 antiquitatis
1031 1992 1065 2046 et
1083 1975 1291 2044 memoriam

242 2142 246 2150 ι
300 2116 422 2166 rerum
450 2104 626 2180 gestarum
646 2085 686 2152 in
716 2082 896 2174 republica
931 2093 965 2151 et
988 2079 1025 2147 in
1047 2075 1224 2157 Ecclesia,
1258 2088 1293 2143 et
1345 2117 1433 2130 --

299 2193 570 2291 praecipuarum
592 2185 829 2256 mutationum
853 2195 888 2251 et
910 2203 1113 2258 causarum,
1148 2189 1293 2269 propter
1337 2231 1343 2239 .

301 2322 388 2393 quas
406 2294 487 2361 illae
501 2292 541 2359 in
558 2286 720 2378 imperiis
735 2298 769 2354 et
784 2285 823 2352 in
835 2281 991 2354 Ecclesia
1006 2281 1182 2351 accidunt.
1213 2275 1291 2346 Ha·
1338 2249 1537 2380 Q·
1648 2326 1656 2334 .
2154 2267 2330 2389 Q

301 2422 384 2470 rurn
414 2417 535 2463 rerum
564 2388 726 2458 doctrina
759 2409 832 2454 non
863 2385 978 2453 solum
1008 2394 1217 2452 ornamento
1239 2391 1292 2448 est
1800 2442 1807 2458 ‚
1916 2443 1923 2458 ·

301 2499 414 2590 ipsius
429 2493 591 2583 ingenio,
612 2491 672 2558 sed
696 2487 800 2557 etiam
825 2507 1056 2577 permagnum
1071 2507 1175 2553 usum
1192 2483 1224 2551 ei
1239 2481 1292 2550 af·
1682 2436 2009 2527 Testimonium.

301 2605 370 2672 fert
385 2600 422 2666 in
436 2591 635 2666 iudicandis
650 2590 773 2659 multis
788 2586 1038 2657 controversiis
1054 2609 1142 2677 quae
1164 2587 1203 2653 in
1226 2579 1291 2653 har
1409 2600 1428 2667 †
1448 2596 1486 2651 Er
1506 2595 1663 2669 apographo
1681 2597 1710 2651 ia
1727 2596 1791 2654 cod.
1813 2597 1927 2654 Monac.
1944 2599 1989 2657 90.
2010 2596 2062 2653 No.
2083 2599 2142 2655 vlt.
2160 2619 2187 2672 p.
2206 2601 2293 2662 assa,

301 2704 374 2771 vita
389 2696 613 2785 dereligione
628 2705 663 2761 et
679 2687 1082 2776 deomuigenerenflicii
1098 2684 1292 2755 usuvenire
1512 2755 1521 2774 ⁰
1614 2755 1623 2774 ⁰
1960 2756 1969 2775 ο
2049 2757 2056 2776 .

302 2805 427 2874 solent.
479 2797 663 2868 Accedunt
680 2815 812 2871 mores,
833 2802 872 2860 ut
886 2782 1292 2878 accepimus,honestis·
1412 2753 1681 2830 Tm‘mmum
1708 2750 1772 2828 M·
1799 2746 1965 2828 l⁰d⁰⁶¹
1992 2753 2258 2851 Effhhffl'l,

303 2905 407 2988 simi,
432 2915 467 2971 et
489 2897 630 2969 animus
651 2893 791 2963 virtutis
807 2907 842 2963 et
855 2891 993 2982 pietatis
1008 2889 1125 2958 studio
1139 2889 1292 2976 flagrau-
1680 2853 1975 2937 Amtlatlt'ensis.

301 3006 469 3079 tissimus.
494 2999 585 3070 Nam
602 3018 728 3086 magna
741 2993 945 3063 assiduitate
961 3005 995 3062 et
1009 3014 1147 3061 summo
1165 2991 1293 3059 ardore
1340 2971 1484 3065 Petivit
1504 3017 1523 3063 a
1547 2993 1651 3076 nohis
1662 2997 1884 3087 'venerabilis
1900 2997 2071 3090 Magister
2085 2997 2245 3076 [odorus
2261 3002 2334 3077 Εἰ-

302 3106 439 3180 ,mdivit
461 3099 520 3172 hic
543 3109 806 3192 praeceptores,
831 3116 985 3186 quorum
1007 3093 1174 3164 virtutem
1196 3104 1231 3160 et
1255 3090 1293 3158 in
1342 3090 1477 3177 ahorn,
1503 3088 1789 3184 Arnstadiensis,
1813 3101 2057 3173 testimonium
2078 3107 2122 3175 de
2141 3106 2234 3195 vita,
2259 3125 2333 3181 stu·

303 3207 403 3281 omni
419 3203 534 3275 officio
551 3199 829 3271 moderationem
845 3220 925 3265 cum
941 3217 1079 3265 summa
1093 3193 1223 3284 pietate
1238 3216 1296 3262 er·
1341 3199 1412 3268 diis
1435 3211 1469 3267 et
1482 3198 1595 3288 gradu
1615 3221 1698 3284 suo,
1730 3203 1826 3294 quod
1843 3202 1874 3270 ei
1889 3228 1963 3273 non
1980 3209 2154 3293 gravatim
2169 3211 2334 3283 duximus

305 3307 479 3401 ganeum
502 3303 750 3383 coniunctam,
777 3298 884 3369 etiam
899 3320 1018 3366 rerum
1034 3295 1237 3365 divinarum
1262 3308 1293 3362 et
1343 3298 1619 3392 impertiendum
1650 3325 1735 3373 esse.
1795 3302 1893 3374 Vixit
1919 3306 2015 3375 enim
2045 3311 2139 3400 apud
2170 3336 2235 3382 nos
2263 3314 2334 3384 fere

304 3407 487 3497 religionis
505 3403 686 3473 doctrinae
703 3395 915 3468 christianae
924 3391 962 3492 ‘)
978 3398 1106 3468 scimus
1123 3395 1165 3465 V.
1181 3393 1228 3469 R.
1243 3393 1296 3467 M.
1342 3400 1549 3472 sexennium
1561 3426 1642 3471 cum
1658 3426 1795 3474 summa
1809 3407 2000 3477 modestiae
2016 3409 2126 3494 fama,
2152 3437 2262 3506 eaque
2279 3417 2334 3484 di-

304 3535 378 3582 esse
400 3504 619 3576 notissimam
644 3514 679 3570 et
702 3499 999 3592 probatissimam.
1056 3497 1177 3586 Quare
1202 3492 1296 3565 nihil
1344 3503 1488 3593 ligentia
1512 3503 1551 3570 in
1572 3503 1719 3589 studiis,
1749 3518 1789 3576 ut
1805 3506 1885 3574 illas
1905 3519 2013 3592 artes,
2038 3511 2167 3602 quibus
2186 3517 2228 3582 ad
2247 3541 2336 3586 eon·

304 3612 509 3685 dubitamus
534 3602 715 3675 doctrinae
736 3595 950 3671 christianae
972 3599 1159 3691 praecipua
1181 3597 1296 3691 capita
1344 3603 1576 3674 servationem
1594 3603 1776 3673 doctrinae
1791 3607 1973 3694 religionis
1989 3622 2022 3678 et
2038 3611 2186 3681 aliarum
2204 3639 2324 3687 rerum

306 3738 389 3785 eum
414 3708 584 3802 exquisite
608 3704 790 3789 didicisse,
815 3726 966 3795 eumque
988 3701 1188 3791 cognitione
1203 3723 1297 3770 sem-
1343 3726 1495 3800 quarum
1509 3701 1712 3790 cognitione
1728 3705 1798 3775 vita
1812 3700 1968 3777 humana
1983 3735 2102 3783 carere
2118 3737 2190 3784 non
2208 3675 2337 3809 potest:

305 3840 368 3909 per
384 3815 498 3905 ipsum
513 3811 556 3877 ad
574 3830 696 3877 verum
710 3807 873 3876 timorem
887 3801 957 3873 Dei
979 3815 1013 3872 et
1027 3801 1244 3892 agnitionem
1262 3812 1296 3870 et
1344 3806 1476 3898 optime
1490 3803 1675 3888 didicerit,
1700 3804 1769 3888 ita,
1792 3807 1917 3890 utiam
1932 3810 2095 3884 iuventus
2109 3817 2153 3884 ab
2171 3841 2212 3885 eo
2232 3844 2335 3910 prae·
2358 3835 2361 3840 '

303 3938 461 3989 amorem
484 3910 549 3980 filii
567 3906 653 3988 Dei,
680 3907 819 3977 domini
838 3904 949 3975 nostri
975 3901 1054 3973 lesu
1080 3900 1215 3974 Christi
1234 3926 1297 3995 pe-
1343 3906 1663 4001 pararictinstitui
1680 3909 1801 3999 possit.
1852 3907 1978 4004 ltaque
2000 3916 2038 3983 in
2054 3916 2188 3986 artibus
2203 3923 2336 3991 docen-
2369 3920 2373 3981 ἶ

303 4033 380 4089 ctus
396 4038 500 4086 suum
515 4010 729 4091 accendisse,
761 4032 801 4077 ac
817 4004 1009 4077 abhorrere
1024 4029 1103 4076 eum
1117 4007 1162 4076 ab
1177 4005 1296 4075 orani·
1344 4011 1399 4080 dis
1417 4008 1605 4095 diligenter
1621 4032 1657 4079 se
1676 4010 1841 4095 exercuit,
1860 4026 1899 4083 ut
1915 4015 2034 4085 dextre
2051 4031 2084 4086 et
2099 4020 2235 4091 erudite
2252 4047 2335 4113 pos-

302 4125 370 4193 bus
385 4113 546 4188 fanaticis
568 4125 602 4181 et
617 4103 812 4201 prophanis
828 4108 1076 4200 opinionibus,
1102 4131 1193 4202 quae
1214 4129 1295 4176 cum
1343 4112 1390 4182 sit
1412 4109 1586 4201 explicare
1609 4134 1666 4180 res
1688 4112 1793 4182 utiles
1807 4110 1984 4184 Ecclesiae
2007 4130 2040 4186 et
2063 4125 2245 4191 communi
2267 4121 2333 4195 ho-

301 4216 556 4314 prophetarum
582 4225 616 4285 et
638 4210 878 4302 apostolorum
897 4209 1036 4303 scriptis
1051 4235 1090 4280 ar
1105 4231 1208 4278 verae
1225 4203 1296 4277 Ec·
1343 4212 1481 4283 minum
1511 4211 1688 4298 societati,
1720 4228 1754 4285 et
1774 4214 2040 4305 diligentissime
2061 4224 2216 4314 percepit
2240 4251 2336 4298 rom·
2362 4218 2367 4227 ’

303 4325 428 4394 clesiae
440 4316 578 4393 Christi
594 4335 767 4384 consensu
786 4325 955 4401 puguant.
1343 4313 1579 4399 mentatioues
1602 4314 1745 4385 usitatas
1767 4310 1895 4386 scholis
1916 4320 1960 4388 de
1985 4344 2105 4392 rerum
2127 4337 2271 4412 natura,
2302 4344 2336 4403 et

399 4439 1151 4542 Cumigiturproposueritsenobishicrum
1160 4441 1296 4532 magnis
1345 4410 1700 4532 pulcherrimasillas
1720 4429 1754 4486 et
1775 4417 1979 4534 utilissimas
1995 4425 2248 4518 descriptiones
2263 4431 2336 4502 vir·

303 4555 456 4626 miseriis
468 4576 587 4622 amore
598 4544 987 4621 coelestisdoctrinaeet
997 4546 1146 4615 aliarum
1156 4546 1297 4629 artium,
1345 4532 1460 4590 tutum
1490 4539 1547 4631 δῦ.
1563 4515 1707 4632 ullllurp
1732 4518 1948 4602 officiorum,
1982 4549 2172 4619 earumque
2203 4553 2334 4612 causas,

303 4656 435 4751 quibus
460 4655 532 4722 vita
556 4647 711 4720 humana
741 4668 964 4717 carere'non
994 4658 1125 4738 potest,
1157 4645 1297 4730 vixisse,
1344 4610 1932 4737 ‘1¹¹³‘³‘Rh¹l⁰}⁰Ph¹⁸lf³duni⁰fv
1958 4627 2093 4716 ‘gf‘bie
2118 4640 2225 4703 tenet·
2277 4629 2369 4703 Μ’

304 4773 504 4850 optaremus
522 4776 601 4822 eum
619 4749 750 4820 babae
767 4748 949 4820 uberiores
962 4762 1141 4837 sumptus,
1167 4749 1297 4841 quibus
1344 4717 1429 4837 infe
1451 4718 1614 4833 adfunm
1634 4740 1845 4837 affflffmum
1869 4727 2024 4840 studium
2039 4730 2223 4801 doctrinae
2241 4727 2337 4802 chri·

301 4865 348 4931 sd
364 4859 561 4951 pleniorem
577 4875 681 4920 usum
696 4852 909 4943 reipublicae
922 4863 955 4919 et
968 4846 1145 4919 Ecclesiae
1161 4872 1197 4918 se
1213 4850 1297 4918 diu-
1343 4836 1475 4934 wana}
1491 4841 1530 4885 ¹¹¹
1546 4843 1616 4911 ‘1¹¹³
1632 4820 1820 4938 d¹fffflf¹¹⁸¹¹
1847 4824 1932 4941 J⁰d¹⁸
1948 4842 1981 4897 ⁰¹
1995 4826 2182 4921 Evangelii
2198 4846 2233 4904 el
2248 4835 2336 4907 alios

304 4963 375 5030 tius
409 4961 447 5028 in
470 4952 661 5028 Academia
688 4952 810 5044 aliqua
840 4974 1048 5044 praeparare
1069 4950 1191 5043 possit,
1247 4947 1296 5019 Et
1342 4943 1549 5013 Pffl⁰⁰¹P¹¹⁰⁸
1567 4920 1663 4990 ¹⁰⁶⁰⁸
1679 4924 1928 5015 ¹l³¹1¹i²lllbib
1954 4927 2083 5001 ulDeo
2100 4936 2239 5004 volente
2255 4961 2337 5007 eum

302 5063 472 5156 quoniam
488 5058 639 5136 scimus,
662 5048 711 5124 st
729 5051 772 5124 v·
790 5053 841 5126 M·
855 5066 936 5122 ame
952 5053 1142 5123 contulisse
1156 5050 1293 5146 ,liquid
1342 5044 1471 5110 magno
1487 5021 1604 5093 fructu
1619 5024 1664 5091 de
1678 5019 1921 5096 nsEcclesiam
1939 5031 2080 5102 erudire
2095 5037 2214 5125 possit,
2236 5062 2339 5129 prae-

303 5161 388 5235 huic
411 5150 584 5254 Tgychgo
607 5156 651 5225 ad
674 5152 809 5236 studia,
841 5179 905 5244 pro
927 5178 969 5223 ω
994 5155 1162 5225 beneficio
1184 5152 1295 5245 ipsius
1343 5124 1462 5242 septim
1480 5147 1560 5240 cum
1575 5123 1715 5214 pietatis
1729 5125 1845 5241 studio
1866 5142 1899 5196 et
1915 5152 2034 5201 amore
2052 5128 2192 5225 flagret,
2208 5161 2249 5206 ac
2265 5141 2340 5212 vita

1344 5238 1447 5294 etiarn
1463 5238 1634 5312 exprimat
1649 5226 1864 5311 doctrinam,
1888 5253 1977 5322 quae
1993 5235 2038 5302 de
2059 5235 2186 5307 timore
2208 5235 2279 5309 Dei
2306 5258 2342 5314 et

312 5365 522 5386 -----
1343 5325 1551 5396 remissioue
1574 5338 1796 5415 peccatorum
1820 5345 1966 5422 propter
1980 5330 2163 5426 Christum
2188 5345 2342 5428 gratuita

336 5477 363 5543 r)
382 5468 562 5527 narrentur
579 5461 734 5519 ermetem
753 5457 795 5517 ret
814 5457 915 5514 simite.
1346 5428 1449 5501 nobis
1471 5448 1534 5518 per
1552 5420 1741 5517 prophetas
1763 5441 1795 5498 et
1820 5435 2013 5521 apostolos,
2041 5438 2202 5533 aliosque
2217 5443 2343 5515 docto·
