4748 6022
147 282 224 361 669
729 273 1162 356 EPISTOLARUM
1218 278 1327 359 LlB.
1358 279 1406 361 X.
1458 275 1590 360 1547.
2115 283 2190 358 oto

147 452 313 532 sessores,
339 449 402 542 qui
422 461 580 539 tempore
604 443 689 516 belli
711 439 794 515 hinc
813 445 1052 535 emigrarunt,
1077 446 1142 515 ad·
1190 436 1416 515 Clarissima
1440 444 1538 531 vira,
1563 439 1768 518 eruditione
1787 456 1819 518 et
1838 444 1966 518 virtute
1979 446 2189 545 praestanti

148 549 220 623 hue
242 550 377 635 desint,
409 574 475 619 nec
496 549 686 636 remigrare
707 547 819 616 velint
841 546 880 614 iu
898 541 1140 631 hunclocum,
1188 542 1357 617 Domino
1381 544 1660 641 Hieronymo
1685 540 1881 631 Oedero,
1921 545 2063 620 doctori
2085 545 2181 617 artis

146 668 336 744 antequam
357 652 574 740 intelligant,
599 671 668 741 qua
682 671 743 738 spe
759 647 928 717 mercedis
946 643 1003 718 hic
1021 649 1138 717 vivere
1188 644 1365 736 medicae,
1406 643 1596 745 ἇρχίατρῳ
1625 646 1758 745 inclyti
1782 646 1904 721 Dacis
1934 644 2185 734 Pomeranioe,

145 753 294 846 possint.
344 752 449 824 Solus
470 749 515 825 D.
534 744 735 845 Philippus
757 743 828 818 huc
851 749 1039 833 concessit,
1064 748 1139 817 sine

146 855 281 925 familia
305 868 442 937 tamen,
469 876 573 943 quam
589 851 793 920 collocatam
808 845 913 919 habet
928 850 968 918 iu
981 847 1138 920 Cherus-

144 980 268 1026 corum
298 955 428 1046 oppido
451 948 672 1031 Northusen,
706 964 741 1020 et
770 950 841 1019 iam
863 951 956 1021 ultra
982 973 1136 1019 mensem
1238 988 1248 1013 .

134 1056 319 1130 'laboravit
337 1057 374 1123 in
399 1055 583 1124 scribenda
611 1051 808 1136 dialectice,
834 1075 941 1143 quam
961 1052 1019 1120 vix
1042 1051 1136 1121 iutra

145 1179 301 1227 mensem
326 1156 475 1225 alterum
497 1155 673 1235 absolvet,
699 1165 818 1243 postea
841 1147 902 1222 hic
922 1175 1044 1222 rursus
1059 1153 1137 1222 abi-

148 1272 250 1329 turus
264 1258 308 1327 ad
324 1279 418 1341 suos,
444 1256 513 1323 nisi
528 1256 613 1347 quid
631 1255 715 1324 certi
734 1253 875 1323 interim
892 1254 973 1323 aula
988 1255 1031 1323 de
1048 1250 1139 1324 Aea-

146 1360 263 1447 demia
278 1356 509 1428 constituerit.
551 1355 703 1426 Senatus
716 1356 829 1426 nostri
844 1355 967 1445 oppidi
982 1369 1016 1425 et
1033 1378 1139 1447 quae·

145 1474 221 1532 stur
241 1460 330 1529 arcis
353 1459 426 1526 suis
441 1472 474 1527 et
488 1457 657 1548 principis
674 1456 873 1546 sumptibus
892 1470 1015 1525 curant
1030 1457 1099 1524 iam
1116 1480 1136 1524 a

142 1561 306 1631 sordibus
326 1559 535 1650 perpurgari
555 1559 679 1626 domos
700 1553 931 1640 Academiae,
962 1570 996 1626 et
1016 1581 1136 1626 earum

143 1660 323 1733 conclavia
348 1661 468 1728 omnia
490 1660 583 1728 calce
605 1673 638 1728 et
664 1659 810 1729 tectorio
835 1657 976 1730 obduci.
1039 1656 1136 1727 Deus

141 1763 249 1845 faxit,
280 1773 321 1830 ut
341 1763 441 1830 brevi
461 1783 667 1850 responsum
684 1758 831 1851 aliquod
846 1774 980 1829 eertum
996 1782 1037 1826 ex
1055 1759 1134 1826 aula

142 1862 371 1954 accipiamus3
419 1875 494 1932 tum
536 1859 679 1949 publico
718 1861 848 1950 scripto
882 1859 1136 1955 significabitur

141 1978 280 2054 tempus
298 1958 578 2031 inchoandarum
594 1961 786 2030 lectionum
801 1960 1035 2053 publicarum.

140 2262 338 2389 wel.

982 2273 1015 2332 8.
1034 2263 1118 2344 Sept.

526 2410 755 2524 Spiegelio.
956 2353 1127 2383 Μ

208 2576 228 2639 †
246 2571 283 2626 ss
297 2570 455 2645 ‚pognpso
467 2571 496 2625 a
508 2570 571 2626 eoa.
584 2569 685 2627 uma
703 2567 923 2639 v01.1.p.ssr.

138 2722 335 2819 Adfilium
352 2723 747 2825 AsmiSpiegeiii,
767 2719 1132 2824 (ErasmiSpie-

137 2827 216 2924 gel
222 2829 238 2898 i
244 2829 260 2897 i
266 2881 276 2910 ,
302 2823 467 2898 Paroehi
486 2827 525 2897 in
548 2825 682 2926 oppido
703 2823 895 2908 Grimma,
931 2834 969 2895 ut
989 2821 1132 2894 intelli·

187 2929 292 3024 gitur
305 2952 352 2999 ex
368 2926 532 3026 epistolis
547 2927 745 3025 Spoletini
763 2924 925 2998 nondam
943 2921 1080 3019 editis.)

137 3044 184 3135 S.
200 3058 243 3133 D.
280 3055 469 3128 Audivisse
486 3074 519 3130 te
535 3060 688 3130 arbitror
703 3056 938 3129 Philoxenum
954 3082 1034 3127 cum
1049 3058 1131 3125 nol·

136 3164 186 3232 let
202 3161 345 3228 laudare
361 3157 527 3252 Dionysii
546 3166 729 3251 poiimata,
754 3163 899 3229 ductum
917 3182 989 3228 esse
1006 3157 1044 3225 in
1065 3161 1131 3227 λα-

136 3255 287 3354 τομίας,
315 3261 352 3327 id
373 3260 475 3329 estin
491 3262 618 3343 fossas,
644 3261 740 3330 unde
756 3261 889 3351 lapides
909 3259 1131 3344 exciduntur,

137 3389 207 3457 quo
232 3375 309 3432 tum
332 3361 438 3430 abiici
465 3362 622 3431 damnati
644 3362 817 3435 solebant.
867 3358 952 3430 Post
974 3360 1047 3429 dies
1062 3359 1128 3427 ali-

135 3476 223 3558 quot
252 3474 429 3532 extractus
456 3474 526 3542 est,
562 3487 601 3531 ac
632 3486 755 3533 rursus
779 3464 1015 3549 interrogatus
1039 3461 1128 3530 lecto

133 3577 305 3657 poemate,
331 3563 417 3654 quid
435 3564 480 3631 de
498 3587 538 3632 eo
555 3563 737 3633 iudicaret.
789 3560 859 3633 Hic
874 3557 967 3630 nihil
982 3585 1129 3652 respou-

134 3668 188 3736 dit
209 3664 327 3747 aliud,
353 3663 423 3730 nisi
444 3667 538 3755 quod
562 3664 664 3734 iussit
684 3688 720 3734 se
741 3664 779 3733 in
793 3663 974 3734 Latomias
990 3662 1128 3732 abduci.

134 3767 187 3837 lta
211 3788 292 3855 ergo
308 3765 427 3832 malim
448 3765 485 3831 in
500 3763 678 3833 Latomias
693 3765 817 3848 abiici,
848 3787 953 3856 quam
971 3765 1015 3835 ad
1034 3765 1127 3832 ullos

134 3880 328 3938 conventus
352 3866 554 3956 principum
577 3864 761 3957 proficisci.
811 3861 887 3934 Deo
909 3864 1051 3935 iuvante
1068 3860 1127 3934 hic

131 3969 285 4040 manebo
304 3978 337 4033 et
353 3979 531 4057 pertexam
547 3966 771 4049 dialecticen,
796 3965 868 4036 tuis
889 3967 1015 4036 studiis
1034 3966 1128 4057 opti-

132 4069 200 4136 mis
216 4067 448 4158 profuturam.
500 4064 569 4135 Sed
587 4064 616 4132 si
635 4059 880 4135 honestissima
894 4081 1024 4147 mater,
1052 4066 1126 4136 vir-

133 4179 208 4238 tute
232 4180 266 4235 et
292 4166 476 4235 nobilitate
501 4178 699 4256 praestans,
724 4164 821 4234 volet
839 4166 978 4236 mittere
994 4167 1126 4251 literas,

132 4291 275 4361 possum
299 4289 356 4334 eas
378 4267 516 4338 tradere
536 4262 866 4357 Hamburgensibus
890 4266 1032 4354 legatis,
1057 4267 1126 4334 fide

132 4369 250 4459 dignis
265 4366 351 4435 viris
367 4366 429 4458 qui
444 4380 538 4436 certo
555 4368 704 4438 reddent
722 4367 825 4460 patri.
877 4364 1072 4436 Potuissem
1092 4378 1126 4436 et

131 4465 240 4541 hodie
255 4468 485 4557 Noribergam
507 4468 666 4554 mittere,
694 4471 791 4540 unde
816 4481 910 4538 recto
929 4469 973 4537 ad
991 4481 1123 4559 patrem

131 4572 280 4664 perferri
304 4568 451 4662 poterit,
477 4566 505 4636 si
528 4569 613 4661 quid
637 4594 699 4661 per
713 4594 769 4640 me
782 4570 967 4640 literarum
982 4561 1023 4638 eri
1040 4569 1125 4636 mis-
1183 4592 1189 4603 ⁸

130 4673 205 4744 suri
220 4672 314 4747 estis.
351 4668 449 4739 Bene
464 4670 550 4741 vale.
587 4669 624 4745 8.
643 4669 998 4842 Septembrilq,;1npao
1015 4666 1124 4744 1647.

860 4825 870 4850 .
932 4796 950 4841 e
986 4794 1021 4841 n.

127 5031 196 5107 No.
213 5030 325 5110 4005.

85 5118 90 5125 ’
135 5131 307 5161 Μ

974 5022 1006 5112 ἐ.
1020 5036 1106 5121 Sept.

943 5128 1114 5163 W

467 5186 585 5274 Hier.
609 5183 781 5271 Oedero.

194 5354 214 5415 †
232 5346 269 5401 Fa
282 5343 587 5474 sutoqspboblelsutb.
600 5348 629 5404 in
643 5348 703 5409 sod.
718 5347 864 5406 mahat.
880 5347 929 5406 fol.
943 5346 1001 5404 188.
1015 5347 1116 5406 ἀεκή-

226 5427 274 5492 pts
286 5436 302 5473 s
313 5416 343 5473 S.
381 5413 538 5475 sanae.

1367 744 1492 842 adfini
1512 759 1544 819 et
1566 750 1685 821 amieo
1707 776 1774 821 sao
1797 749 2001 838 carissimo,

1187 873 1232 964 S.
1253 889 1301 967 D.
1351 889 1553 963 Clarissimo
1568 897 1602 969 d.
1619 898 1744 967 doctor
1757 899 1866 968 amice
1883 893 2025 972 chariss.
2053 893 2185 992 “Ysipsc

1188 1021 1252 1066 reas
1282 999 1476 1090 μαγνῆτας
1508 988 1672 1069 ἀπώλεσε
1706 994 1770 1069 καὶ
1802 1003 2020 1093 κολοφῶνα,
2064 996 2183 1093 inquit

1189 1092 1383 1184 Theognis.
1436 1093 1628 1167 Insolentia
1652 1122 1719 1168 nos
1739 1099 1895 1184 adflixit,
1925 1100 2082 1191 quicum
2099 1123 2182 1168 cau·

1187 1221 1263 1266 sam
1294 1192 1479 1266 honestam
1510 1193 1736 1280 haberemus,
1771 1215 1888 1271 tamen
1920 1224 1996 1268 nou
2020 1200 2183 1269 dedimus

1188 1320 1351 1389 operam,
1369 1310 1411 1367 ut
1426 1321 1502 1366 eam
1516 1300 1759 1371 moderatione
1775 1314 1809 1371 et
1826 1301 2006 1390 diligentia
2023 1299 2061 1366 in
2076 1299 2181 1369 rebus

1187 1398 1392 1469 necessariis
1411 1422 1629 1472 ornaremus.
1680 1399 1800 1473 Multo
1817 1403 1927 1490 magis
1941 1402 2069 1492 perdet
2083 1398 2181 1468 inso-

1187 1500 1296 1569 lentia
1319 1492 1554 1593 Lycaonem,
1587 1501 1650 1593 qui
1680 1525 1776 1571 nuuc
1806 1502 1845 1570 in
1868 1501 2022 1574 Saxonis
2047 1523 2180 1569 novum

1187 1602 1321 1671 bellum
1343 1601 1521 1686 accendit,
1547 1602 1612 1694 qui
1636 1603 1680 1671 ad
1706 1625 1829 1673 causae
1851 1603 1982 1693 impiae
2004 1599 2182 1671 defensio-

1187 1726 1269 1771 nem
1290 1702 1452 1791 adiungit
1474 1703 1675 1793 superbiam
1692 1717 1727 1773 et
1745 1699 1950 1802 ἀστοργίαν
1965 1703 2003 1771 iu
2019 1700 2180 1794 patriam.

1186 1802 1259 1872 Nos
1284 1827 1367 1872 vero
1386 1803 1556 1888 sciamus,
1590 1804 1694 1872 deum
1708 1801 1886 1875 Ecclesiae
1909 1828 1991 1874 suae
2013 1800 2182 1894 reliquias
2283 1868 2289 1885 ,

1187 1916 1222 1973 et
1242 1926 1362 1972 semen
1384 1917 1544 1974 sanctum
1569 1902 1663 1973 inter
1683 1899 1748 1974 hos
1770 1906 1942 1976 tumultus
1959 1902 2095 1993 generis
2113 1896 2181 1971 hu-

1186 2005 1283 2074 mani
1300 2017 1521 2074 servaturum
1537 2027 1620 2078 esse.
1659 2001 1736 2074 Hac
1750 2021 1784 2077 te
1800 2005 2041 2077 consolatione
2058 2001 2182 2092 erigas,

1187 2119 1221 2176 et
1242 2130 1283 2175 eo
1308 2107 1450 2175 suavius
1463 2105 1674 2176 infantulam
1692 2106 1800 2175 liliam
1814 2120 1909 2176 tuam
1925 2126 2047 2174 recens
2061 2115 2180 2173 natam

1185 2206 1437 2296 complectare,
1470 2218 1504 2274 et
1527 2206 1566 2273 iu
1590 2206 1666 2276 eius
1688 2207 1826 2276 labellis
1845 2221 1878 2277 et
1896 2206 1995 2296 genis
2019 2203 2180 2273 dulciora
2202 2286 2205 2293 Ι

1185 2308 1305 2376 oscula
1335 2308 1428 2395 figas.
1485 2302 1634 2376 Gaudeo
1659 2307 1725 2376 tibi
1748 2309 1859 2376 filiam
1881 2319 1999 2375 natam
2021 2327 2111 2388 esse,
2145 2316 2180 2371 et

1186 2409 1292 2476 deum
1315 2432 1400 2493 oro,
1425 2419 1465 2475 ut
1488 2419 1522 2476 te
1545 2419 1580 2477 et
1598 2420 1746 2476 matrem
1768 2423 1802 2479 et
1822 2408 1930 2477 filiam
1950 2419 2065 2475 servet
2081 2405 2180 2473 inco·

1184 2509 1308 2580 lumes.

1242 2664 1245 2669 .
1285 2605 1362 2698 Ego
1388 2603 1458 2677 huc
1484 2607 1611 2693 accessi
1635 2608 1841 2693 accersitus,
1878 2628 1958 2678 cum
1983 2630 2062 2701 spes
2089 2620 2179 2677 esset

1184 2723 1321 2781 ostensa
1348 2705 1560 2779 Academiae
1592 2709 1862 2792 instaurandae,
1896 2732 2023 2801 meque
2056 2731 2180 2779 eaume

1183 2811 1385 2904 probabiles
1404 2819 1603 2880 moverunt.
1653 2807 1746 2880 Cum
1766 2810 1862 2879 enim
1883 2810 2111 2881 manifestum
2133 2808 2179 2878 sit

1183 2913 1395 3000 collegarum
1419 2925 1621 2980 nostrorum
1645 2911 1934 2979 coniunctionem
1951 2911 2076 2980 studiis
2094 2933 2177 3000 pro·

1181 3013 1298 3095 fuisse,
1326 3007 1475 3080 distrahi
1492 3035 1552 3079 eos
1566 3009 1742 3081 nolebam.
1795 3010 1865 3081 Sed
1884 3034 1954 3101 quo
1968 3025 2178 3099 argumento

1182 3137 1257 3183 nou
1272 3112 1473 3180 firmissimo
1489 3113 1635 3193 utimur,
1652 3133 1693 3179 eo
1710 3110 1866 3180 fortassis
1882 3110 2067 3195 laedimur,
2081 3112 2177 3202 quod

1181 3214 1333 3284 dicimus
1348 3214 1511 3304 prodesse
1525 3211 1710 3296 Ecclesiis,
1739 3212 1872 3281 servari
1888 3206 1979 3280 hanc
1996 3213 2178 3282 doctrinae

1181 3318 1310 3386 sedem.
1346 3313 1417 3384 Sed
1434 3312 1509 3383 Deo
1525 3315 1733 3383 commendo
1749 3314 1891 3385 exitum.
1935 3309 2178 3382 Illustrissimo

1180 3414 1339 3506 Principi
1357 3407 1536 3509 Philippo
1556 3413 1698 3504 scripsi,
1726 3438 1766 3483 ac
1785 3414 1886 3482 vobis
1901 3436 1978 3480 eam
1993 3413 2177 3504 epistolam

1180 3513 1339 3586 exhiberi
1361 3516 1464 3598 iussi,
1496 3537 1629 3609 vosque
1655 3537 1738 3594 oro,
1766 3527 1807 3584 ut
1828 3538 1905 3582 eam
1933 3510 2175 3584 lllustrissimu

1179 3617 1338 3708 Principi
1354 3612 1558 3691 exhibeatis.
1605 3612 1704 3683 Beue
1719 3629 1754 3685 et
1770 3615 1919 3685 feliciter
1933 3614 2020 3687 vale.
2071 3613 2177 3685 Salu-

1180 3733 1249 3790 tem
1270 3732 1353 3809 optu
1377 3719 1545 3788 omnibus
1568 3717 1679 3786 doctis
1695 3717 1782 3785 viris
1799 3718 1837 3784 iu
1852 3712 2044 3785 Academia
2062 3729 2176 3785 vestra

1179 3821 1400 3891 docentibus.
1451 3817 1570 3892 Dies.
1586 3816 1804 3910 Septembris
1822 3813 1933 3889 1547.

1690 3912 1880 4011 Philippus
1900 3910 2127 3991 Melanthea.

1176 4251 1244 4325 No.
1260 4250 1374 4324 4006.
1401 4295 1406 4307 ·

1185 4345 1356 4379 Μ

2024 4253 2057 4319 4.
2072 4249 2158 4332 Sept.

1996 4340 2168 4375 Μ

1524 4394 1596 4482 Ge.
1622 4398 1840 4484 Fabricio.

1277 4564 1361 4638 Epist.
1379 4561 1427 4618 lib.
1440 4560 1474 4617 V.
1493 4581 1519 4633 p.
1531 4559 1585 4616 898
1594 4576 1635 4630 sq.

1176 4719 1378 4818 Georgia
1428 4713 1660 4792 Fabricio
1716 4712 1966 4809 (gubernanti
2003 4709 2173 4790 scholam

1572 4813 1778 4908 Misnens.)

1172 4958 1217 5050 S.
1241 4972 1287 5048 D.
1342 4969 1423 5042 Etsi
1444 4968 1597 5039 reditum
1619 4989 1738 5035 meum
1762 4966 1808 5035 ad
1830 4960 1970 5049 Albim,
2003 4962 2170 5052 sciebam,

1171 5071 1449 5171 reprehensuros
1471 5092 1544 5139 esse
1565 5068 1716 5148 multos,
1743 5090 1895 5159 quorum
1916 5065 2110 5137 amicitiam
2133 5080 2168 5137 et

1173 5177 1303 5252 iudicia
1325 5199 1399 5244 non
1425 5168 1657 5266 parvifacio,
1692 5168 1820 5238 accessi
1843 5181 1963 5237 tamen
1985 5162 2074 5252 hue,
2105 5191 2167 5257 spe
2289 5205 2291 5210 -

1171 5296 1309 5353 ostensa
1325 5271 1590 5346 instaurationis
1605 5285 1745 5343 nostrae
1757 5263 1988 5364 μορμηκίας,
2012 5271 2108 5360 quod
2126 5284 2166 5340 ut

1169 5385 1340 5465 facerem,
1365 5375 1551 5469 praecipua
1565 5395 1683 5444 causm
1698 5371 1785 5457 fuit,
1810 5372 1906 5463 quod
1923 5368 2087 5462 prodesse
2107 5370 2164 5441 iu·
