4748 6022
779 266 1048 344 truanes
1083 265 1263 343 νιιἈΕ
1295 255 1428 344 Met.
1483 268 1612 347 1548.
1871 275 1878 301 ³
2113 292 2209 394 aaa

193 381 281 554 Fibg:
311 480 490 543 Melantbon
506 484 637 542 amnltis
652 481 877 562 reprehenditur
895 496 1069 565 propterea,
1096 483 1179 567 quod
1193 494 1292 544 manet
1307 487 1339 542 in
1354 479 1519 543 Academia
1533 480 1752 564 Vitebergensi.

224 607 279 669 17.
312 599 418 662 Tradit
431 602 464 659 in
481 599 583 660 schola
598 598 763 660 doctrinam
779 601 815 660 de
830 607 1015 683 poenitentia
1030 601 1169 662 adversus
1183 600 1299 663 decreta
1309 599 1539 663 Pontificiorurn
1552 599 1710 663 Bononiae
1725 604 1758 663 in
1772 605 1901 665 concilio
1917 605 2006 679 litote,¹
2027 621 2056 671 et
2069 611 2207 672 libellam
2249 600 2252 605 ’

361 705 528 783 germanica
542 706 646 783 lingua
661 707 806 784 scripturn
822 725 855 764 ea
871 705 907 764 de
927 729 958 765 re
975 704 1107 765 editurus
1122 715 1175 765 est.

312 816 437 880 Enarrat
454 824 611 881 sententias
629 818 809 884 Salomonis.

220 930 281 992 20·
312 935 457 998 Hortatur
472 934 680 1000 Marchionena
695 936 863 1001 Electorem
878 963 931 1022 per
948 938 1113 1023 Georgium
1126 937 1392 1017 Bucbholzernm,
1418 948 1453 999 nt
1467 941 1588 1020 inopiae
1605 939 1713 1000 viduae
1725 933 1855 1000 Lutheri
1874 943 2041 1006 subveniat.

220 1040 280 1110 24·
312 1051 480 1126 Mauritius,
504 1051 580 1116 Dux
595 1052 722 1135 Saxam,
746 1071 860 1120 creatur
874 1057 995 1121 Elector
1009 1081 1026 1120 a
1043 1058 1153 1121 Carolo
1168 1055 1351 1141 Imperatore
1365 1061 1397 1118 in
1413 1035 1552 1120 Comitiis
1567 1053 1764 1139 Augustanis.

220 1165 280 1229 26·
310 1168 496 1233 Dialecticen
509 1175 621 1254 mittit,
644 1178 740 1258 qualis
755 1198 836 1237 nunc
853 1179 941 1239 tertio
959 1179 1036 1240 edita
1052 1191 1104 1240 est.
1808 1152 1809 1155 Ἴ

191 1290 280 1356 Mart.

244 1411 280 1479 6·
312 1422 444 1486 Excusat
457 1446 489 1486 se
498 1472 508 1506 ,
536 1429 619 1510 quod
635 1430 770 1489 nondum
786 1433 935 1512 scripserit
948 1433 986 1492 ad
1001 1427 1146 1492 Ioannem
1161 1428 1346 1490 Fridericurn
1361 1431 1525 1509 captivum.

247 1534 281 1595 7·
313 1539 442 1621 Scribit,
472 1545 625 1626 quomodo
642 1549 771 1610 sananda
786 1551 824 1610 sit
838 1550 972 1611 foemina
988 1571 1005 1608 a
1019 1552 1127 1630 spiritu
1141 1552 1221 1610 malo
1238 1559 1356 1609 vexata.

223 1652 281 1713 17·
313 1652 438 1723 Carolus
450 1656 618 1743 Imperator
634 1671 731 1747 poscit
747 1687 763 1726 a
777 1664 934 1749 Mauritio,
960 1666 1008 1729 Pr.
1024 1666 1182 1747 Electors,
1205 1680 1239 1730 ut
1252 1663 1431 1728 Melanthon
1444 1667 1504 1745 ipsi
1519 1649 1661 1742 tradatur,
1689 1663 1773 1748 quod
1785 1662 1934 1745 scripserit
1948 1663 2086 1728 adsersus
2102 1658 2213 1725 Caesa·
2232 1695 2235 1702 ·

310 1779 313 1785 ·
361 1785 443 1823 ream
457 1760 653 1828 Maiestatem.
2198 1774 2202 1786 ⁸

221 1881 278 1947 25.
311 1879 490 1941 lllelarrthon
503 1881 641 1944 Mauritii
656 1881 751 1946 Eleot.
767 1887 907 1946 mandato
925 1898 1118 1962 mortuaest,
1143 1899 1178 1947 ut
1195 1907 1264 1946 curn
1280 1883 1453 1965 Crucigero,
1480 1880 1596 1944 Maiore
1613 1898 1642 1946 et
1661 1880 1862 1963 Pielirngero,
1884 1883 2029 1966 theologo
2046 1878 2211 1966 Lipsiensi,

362 1979 519 2062 cygneam
533 1986 755 2062 proficiscatur,
782 2007 843 2068 quo
859 1983 1019 2047 Mauritius
1033 2008 1069 2047 eo
1085 1990 1205 2047 facilius
1221 1987 1383 2047 deliberare
1396 1988 1493 2065 possit
1511 2007 1581 2044 aum
1596 1989 1633 2045 iis
1648 1985 1685 2044 de
1700 1987 1777 2044 libro
1793 1980 1930 2045 interim.

220 2098 280 2159 28.
311 2093 438 2159 loannes
453 2096 615 2180 Agricola,
642 2103 754 2162 librum
767 2098 909 2181 Interim,
936 2105 971 2162 ab
982 2107 1055 2202 ipso
1072 2104 1221 2164 corneliis
1236 2107 1492 2180 consarcinatum,
1517 2105 1609 2182 pleno
1628 2123 1678 2161 ore
1694 2096 1854 2182 praedicat.

224 2212 283 2273 29.
312 2210 349 2275 ln
363 2218 470 2276 itinere
487 2239 556 2276 cunr
570 2219 721 2299 theologis
736 2215 920 2300 Altenburgi
934 2234 986 2281 est.
1040 2217 1089 2282 Ibi
1105 2223 1133 2280 ei
1150 2223 1304 2281 nuntiatur
1320 2226 1364 2280 ira
1379 2219 1524 2297 Caesaris,
1550 2224 1601 2282 cui
1619 2232 1653 2280 ut
1669 2241 1700 2280 se
1715 2218 1901 2292 subduceret,
1917 2217 2042 2281 discedit
2057 2239 2074 2278 a
2089 2216 2212 2280 theolo-

361 2320 427 2396 gis,
453 2331 482 2378 et
498 2320 581 2381 iussa
599 2317 734 2383 lllaaritii
748 2342 781 2413 ae
795 2323 912 2385 coniert
933 2325 966 2383 in
983 2324 1198 2385 monasterium
1213 2319 1381 2385 &bearem
1394 2328 1427 2384 in
1443 2319 1563 2385 Misnis.

88 2524 92 2530 ,
186 2447 280 2529 April
376 2456 396 2538 ’Ὢ
800 2498 803 2504 .

246 2573 277 2632 1.
310 2564 514 2632 bielantbonis
532 2571 682 2635 iudicium
695 2577 829 2656 primum
847 2576 883 2634 de
899 2576 977 2634 libro
995 2567 1128 2633 Interim.

245 2689 279 2749 2.
309 2656 512 2768 Prohciscitur
525 2685 651 2752 Gellam.

245 2802 277 2865 5·
308 2799 365 2864 Est
376 2800 526 2885 Misniae,
550 2810 604 2867 ubi
622 2803 749 2868 Senatus
764 2812 792 2869 ei
806 2810 856 2871 dat
875 2822 1004 2871 currum.

221 2924 278 2983 10.
310 2917 438 2982 Scribit:
469 2924 599 3002 „deme
615 2926 750 2986 tollendo
766 2930 828 2987 iam
844 2941 888 2989 ter
904 2928 1099 2989 deliberatum
1116 2924 1187 2995 est.”

221 3039 277 3101 18·
310 3034 406 3099 Mittit
420 3036 581 3123 Crucigerc
597 3056 626 3105 et
643 3047 765 3124 collegis
780 3039 929 3108 iudicium
943 3024 1107 3108 secundum
1123 3045 1159 3103 de
1173 3043 1251 3104 libro
1269 3037 1411 3119 Interim,
1438 3040 1475 3101 ad
1490 3036 1667 3101 Maurittum·
1681 3040 1952 3103 transmittendum.

221 3155 278 3215 17.
311 3151 426 3217 Cellam
439 3161 565 3221 veniunt
581 3164 671 3222 etiarn
688 3159 848 3245 Cruciger,
874 3162 973 3226 Maior
985 3176 1015 3225 et
1028 3161 1244 3242 Pi'eiiingerus,
1268 3172 1303 3220 ut
1316 3163 1493 3220 sententiam
1511 3179 1596 3219 suam
1610 3158 1646 3218 de
1660 3155 1784 3219 Interim
1800 3158 1949 3237 prolixius
1966 3159 2161 3220 conscribant.

309 3267 434 3330 Brentio
452 3276 572 3337 scribit:
600 3299 684 3358 „ego
699 3300 793 3342 annos
806 3286 923 3342 circiter
940 3283 1112 3365 quindecim
1127 3282 1218 3339 exilia
1232 3245 1367 3360 quotidie
1382 3278 1539 3357 expectavi
1554 3289 1583 3337 et
1597 3276 1695 3337 adhuc
1709 3265 1865 3356 expecto.'’

309 3387 410 3450 Cellae
427 3392 645 3470 praefationem
658 3397 760 3457 scribit
775 3401 807 3456 in
824 3384 911 3459 Pauli
927 3397 1018 3460 Eberi
1034 3399 1190 3459 historiam
1205 3400 1301 3476 gentis
1315 3389 1497 3455 ludaeorum
1511 3393 1581 3455 iude
1598 3394 1634 3452 ab
1649 3394 1743 3455 exilio
1765 3391 1913 3476 usquead
1928 3391 2081 3455 excidium
2098 3390 2212 3499 Hiero·-

358 3493 556 3572 solymorum.

215 3604 274 3666 23.
307 3603 433 3670 Gratum
450 3613 586 3672 animum
607 3617 762 3694 profitetur
778 3637 847 3698 erga
862 3614 1145 3698 Oberabargernm,
1173 3611 1304 3679 Caesaris
1323 3611 1560 3692 Cancellarium,
1588 3615 1642 3696 qui
1664 3613 1694 3671 ei
1715 3613 1902 3693 periculum,
1927 3609 2082 3676 sGaesare
2106 3614 2211 3675 imari-

356 3733 448 3791 nens,
475 3716 701 3793 significaverat.

215 3808 274 3877 24·
307 3822 455 3890 iudicium
470 3834 593 3893 tertium
607 3834 644 3893 de
659 3835 737 3895 libro
755 3830 936 3917 Augustarro
952 3839 989 3898 ad
1005 3834 1184 3900 Mauritium
1198 3837 1337 3897 mittitur.

305 3941 483 4009 Melanthea
498 3947 710 4034 Witebergam
724 3954 822 4016 rediit.

215 4059 270 4122 28·
306 4061 418 4126 Scribit
438 4071 597 4148 epistolam
612 4091 732 4151 gravem
748 4071 787 4132 ad
801 4054 1056 4154 christophorum
1072 4095 1088 4133 a
1104 4069 1263 4136 Carlorritz
1280 4071 1316 4130 de
1332 4065 1455 4130 bubus·
1471 4077 1575 4128 natrrra
1597 4079 1626 4127 et
1643 4064 1764 4144 indole,
1791 4079 1914 4148 propter
1933 4029 2027 4149 'qaam
2039 4066 2151 4146 ‘postea
2173 4068 2210 4125 ab
2310 4079 2315 4096 ⁸

356 4167 480 4231 adseclis
498 4167 629 4232 Lutheri
647 4173 745 4233 diuet
762 4176 890 4254 graviter
905 4177 1184 4256 reprehendebatur.

216 4267 274 4333 29·
306 4279 417 4347 Scribit
432 4287 469 4347 de
483 4289 690 4350 iurisdictione
704 4286 865 4374 Episcopis
881 4293 1071 4355 restituenda.

306 4398 439 4466 Erhardo
456 4401 619 4490 Schnepfio
634 4429 747 4469 munos
762 4410 994 4493 ecclesiasticum
1011 4413 1120 4471 alicubi
1137 4411 1263 4493 quaerit.

195 4521 270 4588 Maii

236 4651 269 4713 8.
302 4636 399 4702 Mittit
415 4645 537 4704 initium
556 4648 761 4706 enarrationis
776 4645 906 4722 symboli
920 4642 1034 4709 Nicecs'.

213 4768 266 4830 12,
301 4755 413 4820 Metuit
429 4761 486 4821 sibi
499 4768 547 4823 rel
560 4785 706 4824 carcerem
721 4768 915 4826 relexilium.
967 4762 1097 4826 Scribit:
1122 4757 1189 4840 „ln
1207 4757 1351 4839 Angliam
1369 4778 1456 4840 saepe
1471 4763 1670 4819 iam-vocatus
1685 4775 1763 4833 sum,
1789 4758 1893 4818 etalio
1911 4767 2052 4835 vocatus:
2077 4757 2129 4818 sed
2145 4779 2207 4819 non

352 4865 440 4923 volui
454 4862 505 4924 hic
519 4869 590 4926 oriri
606 4869 717 4928 lamam
732 4869 935 4949 dissipationis
951 4889 968 4928 a
983 4889 1049 4928 mea
1064 4861 1250 4928 timiditate.''

211 4967 267 5030 13·
301 4972 412 5043 Scribit
431 4976 563 5064 Georgia
576 4981 745 5047 Anhaltino
762 4989 927 5047 arctiorem
941 4985 1133 5064 synodum,
1160 5004 1250 5066 quam
1266 4985 1294 5042 ei
1310 4982 1403 5042 mittit
1419 4979 1448 5040 d.
1467 4982 1525 5044 2⁸.
1542 4972 1628 5037 Maii.

208 5081 266 5147 ¹5·
301 5091 454 5182 Theologt
466 5100 724 5184 Wittebergenses
739 5104 873 5168 iudicant
889 5106 927 5168 de
941 5109 1068 5167 articulo
1083 5109 1116 5164 in
1132 5103 1237 5164 libello
1252 5096 1377 5160 Interim
1391 5097 1428 5158 de
1443 5095 1662 5156 iustificatione.

301 5211 452 5279 Caesario
468 5224 599 5284 comitiis
612 5217 800 5304 Augustani:
813 5223 902 5287 tradit
918 5226 1030 5288 librum
1046 5218 1173 5283 Interim
1188 5217 1358 5282 Ordinibus
1373 5217 1503 5298 imperii.
1537 5264 1544 5273 .

208 5335 264 5397 26.
299 5331 404 5397 Prodit
418 5341 450 5398 in
464 5344 563 5402 lucem
576 5343 652 5403 liber
669 5336 805 5406 Interim.
830 5376 879 5392 -·-
930 5339 1118 5407 Camerarius
1142 5344 1253 5403 iterum
1274 5350 1318 5403 ast
1335 5333 1470 5420 Lipsiae·
1521 5330 1702 5417 Milffllhffl
1720 5335 1886 5392 ¹¹¹¹¹¹¹⁰¹¹¹m
1910 5331 2005 5391 Μ’
2024 5336 2146 5391 '⁰⁰⁸OE
2168 5326 2200 5382 ω

348 5435 504 5520 Angliesn.
1557 5528 1563 5537 ,

161 5528 339 5601 matura.
355 5538 459 5606 Orrn.
485 5538 568 5613 Yon.
583 5537 643 5609 Vl.
919 5575 921 5582 ·
1466 5557 1485 5603 ⁰
