4734 6000
156 370 232 460 ns
753 347 1189 449 restrossnuu
1237 360 1431 445 mum
1486 362 1622 444 csse.
1954 389 1958 396 ·
2119 364 2203 458 γη

157 569 248 626 suos
269 550 308 620 in
332 566 481 621 messem
505 529 604 619 suam
626 523 807 618 extrudat:
841 546 931 618 sicut
953 567 1019 615 nos
1037 557 1154 637 petere
1205 537 1280 612 ciis.
1333 535 1453 615 Semel
1474 539 1598 632 perfici
1623 530 1727 614 lelia'
1743 534 1820 617 non
1843 506 2001 638 posuit
2052 546 2122 624 Sed
2146 568 2201 647 ta,-

156 654 251 726 filius
267 649 335 724 Dei
351 654 463 728 iussit.
504 647 577 720 Nos
594 647 699 717 etiam
716 647 937 729 conferamus
953 646 1101 717 consilia
1115 646 1154 715 in
1203 663 1287 712 men
1313 640 1419 712 leniri
1448 655 1606 734 tempore
1631 658 1665 716 et
1685 647 1931 720 moderatione
1954 663 2073 724 nostra
2096 679 2199 749 posse

159 754 371 848 quaerendis
397 750 534 824 idoneis
558 749 662 834 viris,
694 749 758 844 qui
781 763 816 821 ct
838 749 1035 827 doctrinam
1060 759 1154 817 recte
1203 744 1314 815 multa
1330 768 1445 836 spero.
1495 742 1600 817 Nunc
1616 746 1703 840 quid
1719 748 1876 819 facturus
1899 751 1964 838 sis,
1989 762 2104 828 tecu'm
2119 757 2194 850 ipse

158 869 323 942 teneant,
348 869 383 927 et
405 848 557 922 modesti
569 849 651 921 sine
703 849 823 940 Quare
837 874 917 921 cum
934 850 979 921 ad
997 873 1053 918 me
1068 847 1154 918 scri·
1201 846 1373 920 delibera.
1765 945 1802 967 ..
1943 912 1947 919 ,
2073 916 2077 923 ,

159 959 284 1050 psisset
306 957 361 1025 vir
385 952 606 1021 venerandus
625 964 745 1043 pastor
759 949 937 1022 Ecclesiae
952 948 1020 1021 Dei
1036 949 1073 1019 in
1090 973 1153 1041 op-
1304 941 1359 1016 De
1376 941 1515 1017 Dasio
1538 960 1654 1018 toturn
1676 947 1866 1019 consilium
1887 949 2063 1044 improbo.
2113 956 2194 1032 Etsi

158 1059 245 1152 pido
259 1047 413 1126 Oschs'tz
429 1045 484 1144 ⁸),
508 1053 548 1120 in
559 1048 717 1123 Ecclesia
732 1067 793 1125 tua
807 1054 996 1124 diaconum
1014 1050 1154 1120 deside·
1201 1047 1297 1115 enim
1314 1045 1391 1119 Rex
1406 1063 1439 1120 te
1454 1044 1649 1121 honorifice
1663 1050 1846 1137 tractabit,
1871 1062 1989 1122 tamen
2004 1081 2069 1127 nec
2089 1060 2196 1130 sami-

159 1159 249 1230 rari:
273 1179 313 1224 ac
327 1153 509 1244 petivisset
521 1153 671 1223 indicari
687 1155 794 1225 talem
811 1154 939 1239 virum,
954 1152 1055 1223 cuius
1071 1176 1153 1220 eru·
1201 1146 1249 1217 lia
1265 1163 1337 1219 tam
1354 1150 1480 1242 procul
1496 1150 1626 1220 abduci
1643 1162 1778 1240 potest,
1800 1174 1865 1222 nec
1880 1165 1920 1223 tu
1936 1154 2055 1226 abesse
2080 1182 2100 1226 a
2123 1163 2193 1235 tuis

159 1258 332 1329 ditionem
362 1268 396 1326 et
417 1276 533 1325 mores
558 1255 761 1346 probarem:
800 1255 884 1324 misi
904 1255 950 1325 ad
971 1276 1033 1324 vos
1053 1249 1152 1323 hunc
1201 1249 1344 1339 poteris.
1396 1246 1445 1321 Et
1460 1274 1562 1343 spero
1578 1265 1612 1323 tc
1628 1253 1850 1323 commodius
1872 1254 1930 1345 vel
1951 1255 1991 1324 in
2007 1253 2062 1328 his
2078 1263 2193 1349 regio-

157 1350 378 1451 Phs‘ls'ppnm
402 1350 712 1448 Salauogenssm,
747 1357 946 1428 auditorem
977 1367 1153 1437 nostrum,
1201 1349 1327 1433 nibus,
1359 1351 1415 1419 vel
1437 1352 1516 1421 ub?
1526 1375 1621 1423 nunc
1644 1373 1700 1436 es,
1731 1372 1832 1442 posse
1852 1352 1982 1428 vivere.
2043 1358 2133 1430 Sum
2158 1377 2193 1435 et

159 1481 265 1551 quem
288 1479 389 1548 saepe
410 1456 532 1527 audivi
555 1457 595 1526 in
617 1451 759 1530 scholis.
806 1454 1014 1528 Doctrinam
1029 1437 1154 1525 Eccle·
1201 1452 1275 1542 ipse
1290 1451 1329 1517 in
1344 1444 1497 1521 Daniam
1509 1467 1674 1536 vocatus,
1700 1455 1761 1526 sed
1775 1479 1831 1523 mc
1845 1478 1920 1527 non
1939 1482 2038 1529 meae
2057 1461 2195 1534 utilita-

159 1561 231 1628 siae
245 1572 339 1630 recte
352 1558 493 1642 didicit,
520 1568 554 1626 et
567 1580 685 1628 mores
697 1559 773 1627 eius
790 1572 874 1628 sunt
886 1555 1049 1631 modesti.
1082 1556 1152 1627 Sed
1200 1552 1245 1622 tis
1261 1551 1384 1643 opinio
1401 1548 1570 1624 hactenus
1593 1552 1756 1639 retinuit,
1789 1569 1824 1627 et
1846 1558 1996 1646 patriam
2018 1562 2194 1653 proticisci

158 1673 276 1731 tamen
305 1670 422 1728 vestro
451 1657 585 1728 iudicio
617 1670 652 1728 et
682 1658 829 1729 arbitrio
852 1661 896 1729 de
920 1682 962 1727 eo
981 1658 1151 1731 statuetis.
1200 1663 1372 1745 poteram.
1420 1650 1569 1725 Rectius
1590 1666 1708 1726 autem
1730 1678 1803 1725 csse
1819 1656 1994 1746 iudicavi,
2028 1686 2101 1733 non
2121 1667 2195 1735 dis-

154 1759 248 1831 Nam
271 1782 335 1850 ego
358 1781 433 1830 non
447 1759 529 1851 plus
543 1754 634 1827 mihi
649 1781 750 1829 sumo
768 1784 875 1854 quam
890 1762 1001 1831 decet.
1052 1757 1151 1828 Tan·
1200 1755 1322 1824 cedere
1354 1752 1399 1824 ab
1431 1749 1678 1827 hac'llcclcsia
1699 1768 1733 1826 et
1761 1751 1882 1828 schola
1906 1759 1946 1828 in
1972 1775 2070 1833 tanto
2096 1768 2193 1837 orbis

157 1875 234 1933 tum
257 1859 415 1930 indicare
439 1861 577 1953 aliquos
599 1872 742 1949 rogatus
759 1862 873 1947 solco,
902 1875 937 1931 et
952 1863 1082 1931 addere
1100 1875 1153 1931 te-
1200 1867 1375 1926 terrarum
1398 1857 1572 1943 tumultu,
1605 1881 1686 1928 cum
1712 1871 1933 1950 expectemus
1955 1864 2049 1945 fore,
2082 1881 2124 1938 ut
2148 1870 2193 1939 dc

158 1961 336 2032 stimonia.
373 1956 427 2031 Ac
436 1958 552 2031 Deum
568 1986 647 2048 oro,
671 1976 712 2032 ut
725 1963 859 2056 ubique
875 1958 1050 2032 Ecclesias
1066 1984 1152 2050 pro·
1201 1957 1362 2029 doctrina
1377 1958 1549 2029 rationem
1564 1961 1713 2030 reddere
1726 1960 1923 2035 iubeamur.
1969 1958 2020 2034 Et
2031 1962 2192 2065 Collegas

159 2075 269 2151 teget,
301 2074 416 2132 servet
439 2085 479 2133 ac
498 2077 604 2156 regat.
655 2060 875 2154 benevale,
907 2059 1016 2134 Anno
1042 2061 1152 2138 1547.
1200 2059 1359 2128 deserere
1375 2059 1489 2130 nolui.
1540 2056 1684 2131 Crebris
1706 2060 1819 2132 literis
1842 2058 1960 2135 adbuc
1984 2067 2023 2135 in
2041 2070 2193 2159 patriam

163 2158 317 2260 [1548]
606 2165 608 2167 ’
1200 2181 1327 2239 vocor,
1346 2160 1413 2228 'sed
1434 2163 1465 2255 si
1489 2185 1567 2230 mea
1590 2184 1696 2253 opera
1721 2165 1887 2254 prodesse
1902 2167 1954 2232 ad
1978 2150 2046 2238 lloc
2066 2160 2193 2260 potest,

1201 2272 1241 2330 ut
1255 2259 1295 2327 in
1309 2254 1477 2331 Ecclesiis
1496 2276 1636 2332 mancat
1659 2286 1727 2331 vox
1751 2265 1873 2332 eadem
1899 2265 1936 2332 in
1960 2261 2016 2334 his
2038 2271 2193 2358 regioni-

1200 2360 1288 2443 bus,
1312 2363 1473 2429 nondum
1496 2363 1685 2433 discedam.
1737 2360 1822 2433 οὔτε
1845 2358 1996 2454 ἐξομολό
2022 2383 2106 2460 spots
2128 2377 2193 2465 τῆς

1200 2453 1460 2543 διδασκαλίας,
1495 2459 1580 2532 οὔτε
1608 2455 1739 2532 ἐλπίδα
1770 2466 1836 2554 τῆς
1863 2483 2046 2559 σωτηριας
2067 2468 2194 2566 dexte]-

1052 2608 1059 2624 .
1131 2609 1139 2625 .
1202 2562 1294 2631 σιῶν
1309 2556 1349 2630 ἒν
1363 2551 1516 2642 τάυταις
1525 2554 1667 2657 χώραις
1683 2560 1824 2631 abiicio.
1872 2561 1977 2634 Νοοο
1990 2570 2132 2658 publice
2153 2574 2193 2644 in

1201 2655 1392 2755 Academia
1407 2665 1508 2733 trado
1527 2662 1773 2735 refutationem
1791 2688 1953 2735 errorum
1976 2673 2041 2762 τῆς
2060 2670 2098 2742 ἐν
2114 2698 2193 2769 sps-

556 2771 594 2858 1‚
616 2771 759 2857 Ionae,
1202 2754 1289 2855 αίνῃ
1307 2736 1482 2837 συνόδου.
1531 2763 1588 2836 De
1601 2760 1789 2836 Conventu
1802 2770 2010 2857 Augustano
2033 2795 2129 2844 nunc
2144 2777 2192 2845 si-

1202 2861 1353 2932 lentium
1378 2877 1440 2934 est.
1498 2863 1569 2936 Sed
1591 2866 1712 2949 aiunt,
1750 2861 1818 2938 τὸν
1842 2862 2100 2968 αὐτοκράτορα
2124 2876 2192 2945 ali-

212 2941 311 3015 'Epist
329 2939 379 2996 ¹¹⁵·
390 2939 427 2996 v·
445 2958 473 3013 Ρ·
484 2941 520 2997 ²⁰
530 2960 590 3014 sqq.
1202 2977 1335 3054 quanto
1349 2979 1446 3056 post,
1471 2967 1612 3052 nescio,
1636 2990 1726 3061 quae
1742 2968 1898 3056 decreta,
1924 2975 2191 3063 propositurum

380 3059 384 3065 “
494 3090 632 3168 Iusto
656 3094 745 3167 1⁰„
755 3120 780 3166 a
789 3119 817 3171 e·
1201 3087 1287 3139 esse.
1336 3063 2023 3159 DefilioIonabenesperacetevolo‚
2049 3079 2192 3170 etquis
2229 3108 2233 3119 =

1200 3166 1370 3257 scriptum
1403 3180 1475 3252 est,
1512 3169 1728 3259 generationi
1756 3186 1929 3242 rectorum
1956 3175 2194 3263 benedicetur,

161 3229 203 3320 S.
225 3247 272 3323 D.
320 3244 440 3318 Hodie
455 3270 560 3316 mane
575 3270 655 3316 cum
676 3259 820 3316 vocatus
839 3267 949 3315 essem
973 3242 1152 3342 ⁷10leth
1200 3267 1340 3361 etquis
1365 3268 1404 3336 in
1428 3268 1505 3359 ipso
1531 3272 1669 3342 indoles
1692 3271 1870 3359 praeclara
1894 3287 1956 3342 est.
2015 3272 2069 3346 Ea
2095 3303 2192 3364 vero,

160 3342 326 3448 ἡγεμόνα
344 3342 621 3444 anps'xtov')‚
648 3348 712 3418 elsi
734 3350 779 3416 de
798 3347 879 3416 ³¹51ss
898 3349 1052 3437 11080cli⁸
1071 3373 1152 3440 8¹³·
1200 3390 1290 3461 quae
1314 3370 1571 3455 desideramus,
1595 3384 1688 3442 aetas
1710 3372 1871 3461 corriget.
1923 3370 2194 3471 31592G³lli³s

160 3451 314 3537 vissimis
331 3450 605 3520 deliberationes
622 3462 739 3535 erant,
767 3463 885 3520 tamen
902 3460 936 3518 et
956 3462 1037 3520 tuae
1059 3451 1150 3542 peti·
1200 3468 1372 3553 arbitror,
1410 3471 1641 3541 inventurum
1675 3472 1813 3555 aulam,
1854 3474 1892 3541 in
1921 3462 2005 3566 qua'
2022 3478 2100 3549 sine
2126 3493 2190 3552 tuo

161 3550 268 3621 tionis
283 3550 500 3621 mentionem
514 3550 581 3620 ieci
603 3550 697 3642 ipse,
722 3551 772 3620 sic
787 3550 883 3618 enim
906 3568 1093 3623 suasenmt
1115 3549 1152 3625 οἱ
1200 3583 1343 3660 sumptu
1357 3571 1462 3641 vivat,
1513 3572 1621 3642 Plura
1637 3572 1846 3658 scriberem,
1872 3575 1902 3643 si
1918 3577 1997 3666 ptus
2013 3580 2077 3647 otii
2103 3605 2189 3655 esse,

161 3647 458 3749 ουμβονλευῒαὶι
506 3662 548 3720 ΰῐ
579 3653 653 3741 59⁵0
678 3645 747 3721 ¹¹⁰⁶
784 3651 969 3740 0930081111
999 3676 1150 3742 θὸθῐθῐῦ·
1200 3668 1301 3740 Tuus
1323 3670 1476 3740 nuncius
1497 3672 1540 3741 ad
1567 3698 1623 3742 me
1644 3667 1811 3765 'I'orgam
1835 3675 2001 3745 venitdie
2020 3675 2188 3751 lobannis

160 3749 275 3822 Oravi
290 3751 465 3842 primum,
479 3762 520 3820 ul
532 3749 745 3820 offesssslosses
757 3773 798 3820 ⁰¹
814 3751 935 3821 animo
951 3753 1102 3838 deleret,
1117 3769 1152 3827 el
1197 3766 1454 3860 Evangelistae.
1504 3771 1713 3845 Dimittetur
1725 3787 1877 3845 autema
1899 3800 1955 3846 mc
1977 3778 2131 3869 primum
2154 3787 2191 3852 d.

161 3845 829 3946 dpspmiarveteriexemplosancitet,
840 3850 1151 3925 deindcutliteras
1200 3869 1235 3943 fi,
1259 3868 1332 3945 lan,
1386 3869 1565 3942 viaticum
1584 3875 1618 3945 ei
1642 3876 1724 3944 dedi
1750 3876 1869 3946 decem
1891 3901 2039 3967 grossos,
2093 3881 2192 3954 Bene

161 3955 229 4025 tibi
244 3957 342 4023 daret
357 3953 441 4044 pub.
456 3950 547 4024 tidei.
567 3949 797 4042 Respondit,
821 3947 968 4033 †multa
980 3954 1050 4026 sibi
1064 3980 1150 4026 con-
1199 3966 1286 4042 vale,
1335 3968 1402 4042 Die
1425 3972 1459 4041 8,
1475 3970 1551 4047 lan,

162 4056 247 4125 sitia
260 4078 280 4123 a
295 4053 365 4124 tide
380 4052 497 4145 dignis
513 4063 652 4122 narrata
669 4075 761 4136 esse,
785 4044 846 4122 sed
856 4049 910 4148 '’¹)
926 4055 956 4123 si
973 4054 1148 4146 intellige-

162 4169 235 4240 ret,
274 4169 310 4223 te
331 4155 497 4244 deinceps
516 4150 730 4222 omissurum
754 4144 928 4236 τοιαύτας
951 4150 1147 4253 λοιδορίας,

164 4283 199 4327 se
215 4279 356 4351 quoque
375 4278 476 4347 posse
499 4254 685 4346 praeterita
707 4253 887 4340 oblivisci,
912 4280 952 4326 ac
976 4280 1041 4327 nos
1066 4283 1148 4329 rur-

164 4380 223 4427 sus
236 4371 352 4448 petere
365 4378 480 4447 posse.
528 4352 643 4425 Narro
658 4355 855 4446 simpliciss.
878 4359 974 4449 quod
999 4381 1147 4451 respon·
1377 4438 1381 4443 ⁶

163 4484 241 4531 sum
262 4471 324 4532 est.
386 4456 513 4527 Postea
533 4456 639 4528 etiam
661 4481 741 4527 cnm
764 4456 827 4541 iis,
859 4460 923 4549 qui
947 4457 1148 4544 adfuerunt,
1197 4522 1230 4594 N
1279 4522 1381 4600 4116

162 4560 356 4629 collocutus
375 4580 470 4641 sum,
496 4558 642 4653 quitibi
663 4559 754 4626 bene
776 4559 912 4630 volunt.
961 4556 1030 4630 His
1054 4563 1148 4632 idem
1204 4551 1394 4650 θην·
2062 4543 2192 4664 Q

162 4661 366 4739 videbatur,
392 4662 488 4752 quod
506 4653 594 4727 mihi
603 4712 613 4741 ,
639 4683 760 4729 rursus
784 4672 825 4729 nt
845 4675 1047 4732 reverenter
1062 4665 1149 4734 scri·
1466 4690 1472 4697 ·
1507 4660 1510 4665 ’
1787 4736 1795 4752 ⁵

162 4765 263 4831 heres
277 4756 369 4855 πρὸς
382 4756 451 4831 τὸν
464 4753 642 4858 ἡγεμόνα.
691 4757 761 4829 Eas
781 4761 899 4831 literas
917 4776 952 4831 et
964 4760 1149 4835 Ascanins
1477 4727 1604 4816 Ettsl.
1623 4758 1651 4813 a
1671 4726 1909 4818 Schllebffl·

161 4864 295 4948 mittet,
319 4875 354 4932 et
370 4885 455 4950 ego,
480 4863 610 4930 nostris
625 4861 812 4933 adiunctis.
862 4859 958 4932 Mihi
976 4888 1045 4971 ¹nec
1066 4866 1151 4936 dili-
1267 4902 1334 4974 ῃ,
1348 4902 1501 4974 apognpto
1515 4903 1544 4956 ὴ,
1556 4903 1619 4959 ,gg
1632 4903 1743 4961 Monac.
1756 4905 1802 4959 33·
1815 4925 1858 4962 Μ.
1874 4905 1921 4962 Ν,
1935 4925 1963 4979 p.
1978 4870 2041 4967 ,ᾗ
2061 4940 2094 4956 ,Ι
2123 4914 2192 4983 (Ne-

162 4963 297 5051 gentia,
322 4987 387 5033 nec
402 4964 487 5031 fides
503 4963 635 5048 deluit,
661 4987 725 5032 nec
748 4963 860 5034 deerit
883 4964 922 5032 in
947 4964 1018 5065 tuis
1042 4990 1152 5061 nego·
1301 4971 1359 5027 scio
1373 4993 1408 5027 sn
1423 4990 1482 5025 vere
1498 4971 1531 5027 sit
1544 4973 1728 5029 Melsntbonis
1742 4973 1876 5046 epistola.)

162 2654 374 2692 Μ

1707 4057 1900 4203 ¹Pliilippns
1919 4112 2143 4192 Melanthos.

158 5149 365 5168 -----
1407 5122 1674 5201 Eustochio
1713 5129 1755 5228 (a
1782 5104 1992 5226 Schlieden)

196 5271 225 5339 ‘l
245 5270 302 5324 ¹⁰¹0
320 5270 452 5327 Oeonas».
490 5271 553 5328 Vid·
568 5269 839 5342 essentessent.
855 5272 883 5327 ⁸·
897 5273 952 5327 ¹¹⁰·
1203 5260 1246 5350 S.
1273 5280 1317 5351 D.
1344 5276 1411 5348 Vir
1426 5246 1559 5351 nobilis
1572 5292 1608 5350 et
1622 5250 1831 5366 clarissime,
1857 5306 1898 5351 ac
1917 5298 2064 5374 patrone
2088 5293 2196 5361 caris·

197 5358 223 5421 ¹)
231 5355 648 5498 'gigiffiss‘ffflsffiss
657 5350 780 5481 8186308
798 5357 866 5415 ¹⁵⁴⁷
877 5360 1020 5432 scripum,
1038 5370 1063 5415 ‘¹
1075 5363 1153 5433 Ῥω·
1206 5383 1304 5451 sime.
1352 5378 1424 5467 Qui
1440 5381 1485 5450 sit
1498 5392 1608 5451 status
1624 5383 1855 5473 reipublicae,
1882 5409 1950 5476 qua
1966 5402 2064 5476 parte
2088 5415 2108 5459 a
2129 5417 2196 5484 po-

194 5511 223 5580 2)
242 5510 314 5565 llaec
329 5508 403 5564 addis
417 5511 452 5565 Α,
467 5509 502 5565 1).
1209 5483 1464 5652 1ἰιίοἰιολ4οἰ9ι·οῑ
1480 5483 1777 5572 gubernatoribus
1800 5496 1894 5575 petat
1916 5487 2106 5575 auxilium,
2133 5518 2195 5564 vos
