4748 6022
161 174 236 251 aaa
748 149 1184 231 naassonanuu
1235 154 1346 230 nm.
1399 154 1470 228 x1.
1525 151 1656 232 asts.
2143 153 2206 229 sn

163 345 231 412 lem
251 339 290 406 in
304 329 460 406 Ecclesia
481 329 661 396 tartonam
681 336 893 416 expetamus.
943 314 1036 391 Com
1061 318 1155 389 filius
1192 328 1293 412 'opus
1309 334 1360 391 est
1374 319 1500 389 seriem
1515 313 1643 389 harum
1657 332 1799 403 rernm,¹
1819 324 1915 411 qbae
1934 308 2207 390 hierecitantur

163 440 253 520 Dei,
278 452 312 511 et
326 432 510 529 praecipua
530 428 663 495 lnamna
685 425 797 495 nostri
819 423 987 521 agminis,
1012 444 1158 509 magnas
1205 445 1319 495 nosse.
1371 418 1501 512 Accipe
1516 421 1626 510 igitur
1638 416 1705 489 hoc
1722 442 1865 503 munus,
1881 415 2067 489 Candide
2083 415 2210 507 Lector,

167 540 379 613 calamitates
402 546 496 600 certo
517 526 582 597 Dei
606 527 754 597 consilio
779 525 944 604 tulerint,
974 522 1159 614 inaequale
1206 526 1302 619 quod
1331 523 1493 614 prodesse
1522 522 1654 593 alicubi
1687 521 1834 611 poterit,
1867 530 1906 588 et
1928 531 2050 589 nocet
2074 522 2208 598 nemini,

166 657 198 712 et
224 641 393 710 iniustum
413 645 520 713 esset,
543 653 608 698 nos
629 643 765 698 tautum
792 650 896 695 suave
915 624 1027 693 otium
1054 647 1158 713 expe·
1206 623 1311 693 Talia
1328 621 1455 713 scripta
1471 646 1513 690 eo
1526 623 1636 711 magis
1651 646 1731 690 cum
1748 621 1870 689 lavore
1886 618 2116 709 excipienda
2128 638 2207 709 sunt,

167 758 261 823 tere,
285 726 364 807 cum
384 733 528 824 quidem
552 732 603 798 ira
626 725 692 797 Dei
715 727 845 797 nostris
866 728 1002 795 delictis
1025 736 1158 792 irritata
1205 738 1245 794 ut
1267 724 1383 793 studia
1408 726 1583 792 bonorum
1599 725 1758 792 virorum
1780 721 1994 789 invitentur
2017 722 2066 789 ad
2091 723 2207 795 similes

166 843 222 914 sit.
275 837 412 908 Deinde
436 832 532 902 iuvat
548 854 689 898 cernere
708 830 744 896 in
764 829 866 897 bonis
888 825 1044 915 exempla
1068 824 1162 907 fidei,
1207 827 1346 894 labores
1358 821 1538 894 Ecclesiae
1552 825 1656 895 utiles
1676 825 1829 892 candore
1851 822 2075 909 legentium.
2126 820 2208 895 Bene

167 936 419 1014 invocationis,
462 932 691 1001 consessionis
726 945 759 998 et
794 930 941 996 aliarum
975 926 1160 997 virtutum.
1206 926 1296 1000 vale.
1922 928 1927 937 '

167 1043 352 1113 Postremo
377 1036 444 1103 alia
462 1033 654 1103 ccmsolatio
681 1029 907 1120 proponitur,
933 1028 1051 1117 ignota
1070 1020 1161 1094 Eth-

170 1142 260 1212 nicis
282 1135 452 1209 historiis.
502 1132 693 1223 Nunquam
717 1131 931 1220 opprimitur
949 1142 1019 1196 tota
1038 1122 1162 1195 Eccle-
1223 1137 1310 1149 “·“

170 1246 239 1322 sia,
272 1263 361 1333 quae
390 1257 511 1304 vocem
538 1256 639 1301 verae
662 1230 842 1301 doctrinae
873 1242 992 1312 sonat,
1026 1226 1163 1297 etiamsi
1208 1278 1263 1350 No
1293 1275 1394 1347 421⁰

169 1342 278 1410 variis
293 1335 471 1407 aerumnis
486 1333 605 1419 magni
620 1345 738 1401 coetus
754 1330 980 1420 dissipantur.
1013 1325 1162 1396 luteram
1217 1373 1387 1405 w
1816 1384 1822 1391 ,
1849 1289 1915 1349 23·
1938 1277 2006 1363 All·
2025 1280 2183 1366 (Cellae.)

170 1459 289 1515 tamen
305 1438 401 1509 Deus
416 1458 488 1505 non
507 1435 619 1502 solum
641 1433 806 1524 privatim
821 1431 958 1522 aliquos
973 1442 1065 1497 recte
1082 1451 1163 1495 sen·
1591 1464 1633 1547 P
1666 1463 1733 1547 Εὐ

173 1546 317 1624 tientes,
341 1539 400 1607 scd
424 1537 529 1605 etiam
547 1533 679 1625 publici
699 1548 816 1603 coetos
839 1531 975 1624 aliquos
998 1543 1031 1597 ct
1054 1527 1164 1595 mini·
1631 1527 1640 1548 ⁸
1736 1492 1817 1546 em·

162 1643 317 1712 sterium
341 1636 547 1725 Evangelii,
580 1647 612 1702 et
644 1634 759 1725 aliqua
791 1633 931 1723 piorum
964 1631 1164 1699 studiorum
1279 1629 1365 1701 Epio.
1383 1628 1433 1683 lib·
1446 1626 1479 1682 ¹¹·
1498 1645 1526 1699 P·
1540 1624 1600 1682 ¹⁵4·
1614 1626 1669 1694 (ed.
1685 1626 1775 1681 Lond.
1792 1624 1843 1681 lib·
1859 1622 1897 1679 ΙΙ·
1920 1644 1970 1698 ep.
1987 1628 2066 1697 tlt.)

172 1740 353 1813 domicilia
380 1751 511 1820 servat,
544 1736 630 1803 alias
650 1734 779 1822 magis,
812 1734 898 1801 alias
926 1732 1044 1799 minus
1066 1743 1165 1799 tran-
1492 1780 1534 1852 D
1569 1775 1609 1852 P
1676 1780 1693 1851 l
1746 1780 1816 1852 Εὐ

171 1843 283 1937 quilla
301 1854 334 1911 et
351 1851 486 1909 ornata.
538 1834 587 1905 Hi
604 1848 748 1905 eventus
763 1860 841 1903 cum
861 1836 1026 1921 leguntur
1045 1831 1082 1898 in
1108 1826 1164 1898 hi-
1536 1837 1545 1858 ·
1609 1807 1666 1851 ⁰¹¹
1698 1807 1720 1852 ⁰
1827 1806 1925 1852 “⁰-

54 2022 56 2027 ,
173 1944 292 2013 storiis
312 1937 510 2017 Ecclesiae,
543 1961 610 2005 nos
639 1938 684 2004 de
711 1933 1005 2025 promissionibus
1033 1931 1164 1999 divinis
1211 1915 1254 2005 S.
1281 1931 1341 2002 1).Ι
1377 1929 1572 2000 Meministi
1599 1930 1732 1999 dictum
1756 1921 1956 2013 Pindari,
1992 1931 2091 2025 quod
2120 1956 2206 2006 senex

172 2046 385 2125 admonent,
406 2063 445 2107 ac
459 2037 658 2107 testimonia
673 2051 755 2105 sunt
773 2035 1058 2126 promissionum,
1081 2054 1164 2099 nos·
1212 2033 1387 2124 inprime
1411 2032 1504 2100 libro
1527 2034 1719 2101 πολιτειῶν
1740 2030 1835 2120 apud
1851 2022 2069 2101 Platonem
2092 2038 2207 2123 recitat,

54 2162 62 2176 ⁸
174 2168 242 2238 que
258 2146 302 2213 ad
319 2165 417 2232 spem
439 2152 474 2208 et
496 2137 770 2227 expectationem
793 2135 1024 2225 mitigationis
1047 2132 1165 2222 publi·
1188 2140 1266 2230 ,τῷ
1288 2128 1408 2229 μηδὲν
1437 2131 1559 2225 ἑαυτῷ
1582 2127 1715 2203 ἄδικον
1738 2125 1930 2213 ξυνειδότι
1941 2184 1957 2218 ,
1974 2128 2104 2227 ’ἡδεῖα
2129 2134 2207 2220 ἐλπὶς

175 2270 298 2315 carum
314 2240 536 2311 miseriarum
552 2238 722 2320 invitant,
748 2251 781 2305 et
798 2239 994 2305 accendunt
1009 2235 1045 2302 in
1062 2233 1166 2300 nobis
1188 2313 1191 2331 Ι
1212 2233 1268 2307 ἀεὶ
1281 2230 1435 2329 nappin}
1442 2286 1455 2318 ‚
1480 2231 1544 2305 χαὶ
1558 2228 1687 2332 ἀγαθὴ
1699 2226 1960 2331 γηροτρόφος.
2018 2235 2204 2329 premi&

173 2361 276 2427 vota,
314 2365 404 2434 quac
433 2341 506 2429 ipsa
529 2340 635 2408 etiam
652 2339 859 2407 -conducnnt
888 2339 929 2404 ad
956 2336 1165 2404 flectendam
1187 2368 1192 2488 p
1213 2352 1271 2408 tur
1292 2336 1504 2406 conscientia
1526 2351 1639 2405 rectae
1662 2335 1857 2404 voluntatis
1881 2338 2068 2407 nondum
2086 2340 2205 2429 iugina,

173 2447 262 2514 icam
284 2440 362 2513 Dei.
414 2438 572 2508 Multum
596 2438 703 2525 igitur
724 2439 865 2527 prodest
888 2438 1001 2524 legere
1023 2437 1165 2525 piorum
1211 2437 1302 2508 Nam
1324 2437 1502 2529 privatum
1520 2437 1687 2506 delictum
1713 2436 1856 2505 nullum
1876 2438 2065 2525 ,nemin-¹,
2087 2458 2205 2533 pmpm

172 2546 263 2613 sacta
297 2550 332 2610 et
361 2551 517 2608 eventus.
575 2534 623 2606 Et
650 2550 733 2605 sunt
763 2538 851 2604 aliae
882 2536 1012 2604 multae
1033 2557 1167 2617 causae,
1212 2541 1309 2632 quod
1323 2543 1414 2608 iuste
1428 2538 1531 2607 irasci
1548 2532 1636 2605 mibi
1653 2530 1807 2605 Atridae
1822 2539 1990 2624 possint.
2031 2541 2073 2614 Si
2088 2565 2204 2613 sutem.

172 2655 318 2738 propter
330 2662 417 2733 quas
430 2638 622 2706 neccssaria
636 2650 688 2706 est
702 2637 869 2705 omnibns
882 2635 1037 2725 cognitio
1051 2630 1166 2703 histo·
1212 2653 1289 2709 sent
1307 2651 1450 2729 propter
1462 2638 1643 2714 doctrinae
1663 2639 1971 2728 explicationem,
2010 2643 2052 2711 in
2070 2668 2136 2735 qua
2147 2669 2202 2714 m

173 2747 308 2817 riarum
323 2738 512 2813 Ecclesiae.
562 2736 707 2808 Necesse
725 2752 775 2807 est
797 2738 887 2805 scire
905 2737 1005 2806 initia
1024 2748 1055 2804 et
1079 2760 1165 2826 pro·
1213 2740 1409 2810 moderatio
1426 2753 1461 2809 et
1476 2739 1715 2831 tranquillitas
1731 2739 1830 2809 utilis
1851 2740 1952 2825 tuit,
1989 2758 2030 2813 et
2052 2746 2204 2815 viamalt

114 2866 126 2877 ’
171 2843 394 2938 P³8²¹i⁰¹¹ffl¹
413 2838 593 2910 d⁰⁰¹¹l¹¹³2
619 2835 728 2907 ³D⁸⁰
750 2839 916 2922 “willel
943 2841 1057 2919 unde,
1084 2837 1165 2928 dul·
1212 2865 1318 2934 quam
1333 2843 1582 2933 quaerentibus
1597 2838 1819 2911 concordiam
1836 2847 2094 2917 monstravit:
2112 2847 2206 2931 leun

173 2951 241 3017 bus
263 2941 493 3025 testimoniis,
518 2964 581 3031 pec
596 2962 684 3031 quos
709 2943 887 3023 doctores,
913 2952 946 3007 et
969 2938 1072 3006 initio
1093 2951 1166 3007 tra·
1210 2939 1290 3012 Deo
1319 2941 1482 3026 iuvante,
1514 2942 1683 3034 quicquid
1713 2940 1860 3011 accidet.
1931 2942 2033 3016 Post
2060 2947 2204 3028 triduum,

173 3048 246 3117 dita
262 3046 307 3115 sit
320 3043 483 3113 doctrina
497 3055 532 3111 et
545 3054 746 3131 propagata.
798 3038 923 3110 Voluit
945 3036 1165 3128 igiturDens
1211 3041 1288 3113 Deo
1311 3043 1472 3127 iuvante,
1500 3043 1566 3112 iper
1596 3043 1858 3137 ingredfemur‚
1889 3047 1944 3113 ad
1977 3070 2049 3117 νο,
2071 3050 2203 3122 redimi

173 3161 288 3219 extare
317 3142 501 3214 historiam
524 3138 700 3211 Ecclesiae
731 3143 814 3208 inde
842 3165 954 3235 usque
985 3140 1029 3208 ab
1056 3139 1163 3208 initio
1211 3143 1264 3214 De
1288 3143 1382 3213 libro
1400 3138 1622 3237 Augustam
1645 3144 1768 3233 scripsi
1793 3144 2113 3219 deliberationem
2134 3152 2204 3221 bona

173 3247 311 3339 80⁰²?st
333 3241 500 3326 humdfli,
532 3266 644 3335 mque
669 3245 712 3311 δή
745 3255 863 3311 Πῡδῑῑᾶ
890 3256 1058 3332 ltmpffl'a·
1111 3235 1165 3308 Ac
1212 3245 1446 3331 conscientia,
1469 3270 1574 3338 quam
1598 3249 1784 3315 ostendent
1799 3244 1910 3315 vohis
1932 3248 2203 3340 collegaenostai

172 3346 344 3436 singulari
373 3343 545 3413 beneficio
569 3342 820 3434 descriptiones
844 3343 1030 3412 continuas
1054 3341 1166 3409 maxi·
1187 3367 1190 3373 ’
1212 3361 1291 3438 post
1305 3349 1470 3416 reditum,
1508 3344 1596 3415 Misi
1613 3341 1697 3415 hinc
1711 3346 1888 3415 nuncium
1908 3350 2071 3437 advos,
2095 3354 2201 3444 wip*

173 3470 312 3516 marum
337 3445 575 3513 mutationum
597 3443 633 3510 in
659 3442 816 3535 imperiis
844 3444 1005 3513 servavit.
1055 3439 1165 3512 Decet
1186 3432 1190 3556 ἑ
1211 3449 1312 3536 ginas
1330 3449 1431 3532 dccli,
1456 3448 1494 3516 in
1511 3430 1641 3540 quibus
1655 3447 1825 3539 praefatio
1847 3462 1930 3519 erat
1950 3455 2121 3523 addend,
2138 3468 2200 3523 m„

172 3549 282 3637 igitur
307 3557 461 3612 nostram
487 3543 706 3630 diligentiam
731 3547 939 3630 accendere,
963 3569 1009 3614 ne
1034 3568 1164 3611 monu-
1213 3545 1390 3617 historiae.
1440 3546 1533 3618 Eum
1556 3549 1747 3632 nuncium,
1779 3548 1809 3615 si
1831 3549 1926 3619 fades
1952 3552 1992 3621 ei
2012 3578 2088 3624 non
2103 3555 2199 3637 deluit,

173 3661 292 3717 menta
320 3643 550 3713 maximarum
574 3666 693 3710 rerum
715 3643 909 3729 intereant,
933 3647 993 3714 sed
1016 3657 1054 3713 ut
1079 3644 1162 3713 illn-
1211 3651 1404 3719 ratiocinor
1418 3652 1461 3718 ad
1477 3672 1539 3719 vos
1554 3649 1708 3732 venisse,
1733 3673 1774 3718 eo
1797 3649 1856 3717 die
1875 3671 1960 3743 quo
1981 3680 2087 3726 naeus
2103 3679 2200 3727 emtor

172 3761 329 3820 strentur
343 3760 377 3816 et
391 3744 462 3813 sint
479 3745 516 3811 in
534 3744 696 3812 inanibus
709 3739 907 3829 hominnm.
961 3744 1080 3832 Quare
1099 3746 1165 3813 bo-
1185 3792 1190 3859 Ι
1212 3747 1282 3820 huc
1297 3751 1458 3861 advenit!
1479 3743 1520 3829 'dg
1534 3745 1604 3842 ,pp
1623 3744 1860 3845 μάνδραν).
1917 3751 1967 3823 si
1992 3751 2132 3827 hima
2150 3772 2197 3827 m

173 3851 230 3918 nis
246 3847 423 3915 mentibus
436 3869 537 3935 spero
552 3858 689 3933 gratum
708 3845 794 3929 fore,
818 3839 1042 3914 huncPauIi
1049 3841 1168 3913 Ebert'
1211 3852 1380 3934 absoluta,
1403 3874 1443 3919 ac
1459 3851 1551 3919 edita
1568 3865 1629 3932 est,
1652 3867 1792 3942 pertexe
1811 3876 1952 3942 quaeso
1980 3871 2198 3950 campartem,

173 3952 349 4030 laborem,
381 3947 443 4038 qui
468 3947 662 4035 prudenter
682 3946 862 4015 contexuit
883 3942 1066 4015 historiam
1096 3970 1161 4035 po·
1211 3951 1587 4044 quaedesiderapurin
1603 3947 1983 4046 hispnffiispbyschs,
2002 3984 2095 4051 quae
2109 3962 2199 4030 edun·

171 4051 248 4142 poti
268 4047 420 4131 ludaici,
447 4069 465 4112 a
489 4046 604 4116 reditu
626 4071 667 4115 ex
682 4044 865 4140 Babylone
881 4072 993 4140 usque
1010 4049 1052 4115 ad
1071 4046 1164 4138 poli-
1211 4067 1279 4126 tur,
1329 4050 1421 4123 Cum
1449 4054 1608 4137 rediero,
1633 4053 1707 4123 Deo
1733 4054 1896 4138 iuvante,
1925 4059 2114 4152 reliquam
2136 4085 2200 4152 W·

172 4154 240 4224 tiae
259 4148 421 4219 Iudaicae
437 4149 565 4231 linem,
590 4150 634 4214 de
646 4148 768 4216 multis
783 4162 815 4216 et
832 4149 930 4219 tetris
945 4146 1162 4217 confusioni·
1210 4168 1282 4224 tem
1305 4155 1423 4244 operis
1445 4148 1699 4223 inchoabimus.
1760 4151 1837 4221 Hoc
1863 4156 1971 4226 enim
1997 4175 2202 4253 agemussi

173 4253 327 4323 lutseius
345 4249 532 4340 temporis,
559 4249 652 4339 quod
668 4270 792 4334 magna
811 4274 849 4319 ex
866 4262 963 4340 parte
979 4251 1094 4338 imago
1113 4264 1161 4317 est
1210 4279 1283 4325 non
1308 4257 1464 4325 sinamus
1488 4280 1552 4325 nos
1579 4268 1672 4323 metu
1701 4249 2033 4345 sucophantiamm
2056 4287 2076 4332 a
2100 4260 2203 4333 philo,

173 4351 279 4423 huius
293 4352 438 4421 ultimae
454 4364 611 4418 senectae
625 4350 762 4420 mnndi.
815 4348 930 4419 Multa
954 4364 1068 4419 autem
1086 4375 1163 4419 mo·
1210 4351 1335 4448 sophia
1362 4356 1501 4448 depelli.
1558 4352 1634 4422 Hac
1662 4334 1763 4423 nocte
1791 4379 1894 4445 saepe
1923 4360 2204 4452 ingemfgtenffl,

174 4469 233 4525 net
260 4477 376 4522 rerum
401 4450 617 4568 similitudo,
648 4474 800 4542 quorum
826 4451 989 4539 cogitatio
1019 4454 1163 4541 prodest
1211 4474 1412 4541 cruentam,
1437 4472 1469 4527 ct
1483 4457 1580 4525 velut
1595 4457 1749 4525 incendii
1771 4459 1946 4545 speeiem,
1977 4466 2046 4534 cui
2068 4484 2142 4539 atra
2160 4466 2206 4537 lu-

173 4557 216 4625 ad
245 4550 336 4622 hanc
362 4553 697 4634 considerationem,
727 4576 835 4644 quae,
870 4566 900 4620 et
925 4552 985 4618 old
1011 4554 1056 4619 sit
1080 4575 1162 4620 vera
1210 4560 1281 4647 ligo
1297 4562 1404 4629 mixta
1420 4573 1488 4637 est,
1515 4557 1551 4625 in
1570 4557 1654 4626 luna
1670 4559 1969 4633 orbata-candida
1987 4566 2074 4639 luce
2093 4570 2206 4649 fratris,

171 4655 239 4773 Dei
258 4650 424 4769 Eeclesia,
440 4667 474 4720 et
488 4678 559 4771 quo
575 4653 757 4741 dirigenda
773 4675 872 4721 mens
885 4653 930 4721 sit
951 4653 988 4733 in
1006 4649 1061 4721 his
1077 4677 1163 4721 con·
1210 4661 1521 4733 consideravimus.
1572 4654 1714 4731 Accidit
1731 4675 1764 4730 et
1780 4660 1817 4727 iu
1843 4655 1912 4733 hae
1930 4661 2101 4761 Eclipfi,
2123 4673 2206 4765 quud

171 4753 372 4872 f¹¹³¹⁰¹}'b¹¹⁵
394 4775 530 4840 Senem
559 4749 706 4851 humani
731 4768 764 4822 0¹
786 4754 881 4822 unde
915 4756 1065 4845 pelenda
1091 4754 1163 4823 ⁸3⁰1
1209 4764 1295 4831 alias
1311 4761 1585 4842 observavimus,
1608 4775 1643 4830 ut
1663 4762 1765 4829 citius
1782 4760 1976 4853 aliquanto
1996 4770 2041 4838 in
2060 4777 2207 4844 umbem

173 4879 358 4950 praecipua
375 4853 537 4971 dolorum
555 4856 720 4927 remedia.
749 4853 899 4925 Prodest
916 4857 1019 4924 etiam
1040 4856 1162 4942 cogni·
1209 4865 1388 4932 incurrere
1411 4863 1495 4930 luna
1524 4863 1595 4932 ὡς,
1618 4863 1678 4944 31¹,
1703 4886 1807 4954 quam
1832 4865 1985 4937 ,ab-ulae
2009 4890 2208 4947 mmmm·

171 4961 221 5030 tio
237 4955 343 5028 huius
365 4951 532 5023 historiae
558 4958 600 5022 ad
628 4958 757 5025 multos
779 4958 875 5027 locos
896 4958 931 5025 in
957 4958 1058 5025 libris
1072 4955 1162 5025 Pro·
1210 4964 1280 5036 sed
1296 4958 1527 5037 haeccofflm,
1580 4962 2009 5042 Scriberemeteaaaffi,
2029 4979 2154 5049 amitis
2186 4980 2209 5046 si

171 5057 320 5153 pheticis
336 5071 370 5127 et
385 5055 598 5146 Apostolicis
615 5058 878 5144 intelligendos:
906 5059 1042 5150 fuitque
1058 5059 1161 5126 initio
1183 5130 1186 5141 ,
2156 5036 2164 5065 ’

172 5184 273 5230 causa
292 5152 397 5227 huius
413 5158 529 5248 operis
553 5157 760 5226 instituendi
779 5161 984 5251 praecipua,
1005 5164 1098 5253 quod
1124 5161 1161 5227 in
1182 5146 1187 5228 i
1207 5165 1431 5180 ....-..-.

172 5262 392 5332 enarratione
417 5258 594 5342 Danielis,
630 5254 821 5330 Zachariae
854 5276 887 5331 et
910 5234 1187 5352 Apostolorum³
1245 5281 1758 5352 s)M0„„1„.5„„,(5,11,;„M„„·„·
