4748 6022
158 348 234 419 eoo

130 462 134 470 ’
174 510 370 584 nosses.

171 609 382 645 Μ

501 692 554 780 V.
590 694 824 780 licentiore.

232 857 311 911 Edita
329 875 344 910 a
366 855 499 909 Sauherto
519 856 547 910 in
568 858 680 927 append.
701 875 762 927 epp.
782 857 831 909 lib.
849 853 897 907 tv,
918 874 944 924 p.
957 853 1001 904 26.
1046 848 1157 904 Contuli

265 924 452 996 autographon
466 923 649 978 Melanthouis
662 926 689 979 in
702 928 764 980 cod.
779 926 890 978 Monac.
908 926 931 976 1.
951 943 978 994 p.
992 920 1053 977 645.

998 525 1027 584 1.
1044 513 1139 575 Deob.

978 603 1149 633 m

164 1075 218 1150 D.
248 1072 293 1149 V
293 1074 359 1145 ilo
391 1070 428 1145 T
435 1069 634 1145 teodoro
667 1071 810 1146 docenti
836 1073 1088 1169 Euangelium
1119 1072 1157 1140 in

316 1173 488 1247 Ecclesia
508 1173 589 1246 Dei
611 1175 650 1245 in
675 1176 761 1248 arbe
781 1173 1005 1270 Noriberga.

163 1305 210 1396 S.
233 1323 279 1399 D.
311 1319 493 1395 Omnibus
510 1327 730 1416 temporibus
743 1325 921 1396 Ecclesiae
936 1324 1066 1394 usitata
1082 1323 1160 1392 fue-

165 1440 253 1499 runt
278 1427 401 1511 exilia,
425 1451 465 1495 ac
486 1429 651 1507 memini,
677 1453 733 1497 me
754 1429 792 1495 iu
810 1422 1024 1517 Aphricauis
1047 1421 1159 1494 histo-

167 1527 231 1596 riis
246 1528 370 1617 legere,
388 1551 513 1616 magna
529 1530 668 1617 agmina
686 1530 824 1620 piorum
842 1528 1043 1597 civitatibus
1061 1527 1160 1616 pulsa

167 1651 241 1698 esse
257 1630 297 1697 in
312 1630 388 1698 loca
412 1630 568 1713 deserta,
600 1643 634 1699 et
650 1632 780 1699 multos
796 1632 842 1699 ah
859 1631 1036 1721 equitibus
1052 1628 1090 1694 in
1104 1628 1158 1692 via

167 1730 391 1799 conculcatos
407 1753 491 1798 esse.
524 1728 664 1799 Horum
680 1731 847 1820 exemplis
864 1729 1073 1812 confirmati,
1095 1750 1160 1795 nos

167 1855 310 1924 quoque
331 1834 485 1900 feramus
509 1832 612 1900 exilia
639 1833 872 1924 aequabilius.
929 1830 969 1902 Si
994 1826 1159 1920 qui'vero

166 1946 335 2024 possunt,
367 1932 501 2000 leniant
529 1933 690 2001 exulibus
717 1955 914 2003 aerumnas.
978 1925 1161 2021 Georgius

168 2026 317 2119 Maior,
352 2031 486 2122 optimo
515 2033 658 2122 ingenio
679 2034 877 2123 praeditus,
908 2046 941 2100 et
962 2032 997 2099 iu
1019 2031 1161 2098 concio-

168 2137 289 2204 nando
313 2135 482 2218 disertus,
514 2156 641 2224 magno
665 2135 747 2204 usui
763 2150 882 2225 posset
900 2157 971 2201 csse
984 2132 1161 2202 Ecclesiae

169 2249 316 2304 vestrae.
365 2234 506 2322 Quare,
538 2237 568 2305 si
591 2237 623 2304 ei
646 2236 744 2303 locus
766 2248 833 2317 est,
858 2258 1006 2326 quaeso,
1032 2247 1073 2302 ut
1097 2231 1161 2301 Sc·

168 2336 270 2406 natui
284 2359 365 2405 eum
382 2329 496 2404 vestro
513 2337 747 2419 commendes,
772 2351 812 2404 ut
828 2347 1034 2405 accersatur.
1085 2330 1159 2399 Ha-

169 2436 311 2505 biturus
333 2457 423 2503 esses
445 2429 686 2527 παραστάτην
709 2437 846 2504 fidelem
864 2449 897 2503 et
910 2437 1060 2503 tuendae
1075 2457 1162 2501 cou-

72 2602 75 2612 ,
170 2537 311 2607 cordiae
329 2536 536 2615 studiosum,
574 2534 672 2604 Bene
687 2537 763 2605 vale
778 2551 815 2606 et
825 2536 998 2620 rescribe,
1025 2559 1064 2603 ac
1082 2534 1161 2602 lite-

752 305 1190 411 u'etsrouunuu
1217 352 1221 365 ·
1247 335 1353 412 ure.
1379 335 1424 408 x.
1477 334 1610 414 1646.

2125 337 2208 409 300

1807 521 1840 580 2.
1852 510 1946 573 Deob.
1963 508 2208 592 (hlagdeburgi.)

1818 605 2205 643 W

1222 503 1287 574 No.
1304 503 1415 578 3640.

1217 603 1440 631 m

1314 799 1317 804 ,
1492 714 1682 796 Iohanni
1711 717 1924 799 ministro·

1279 873 1364 946 Epist.
1383 875 1429 930 tib.
1442 874 1477 930 ll.
1497 895 1523 946 p.
1537 877 1597 928 585.
1617 874 1694 944 (edit.
1713 876 1804 930 Lond.
1826 876 1872 931 lih.
1887 876 1920 930 11.
1939 896 1983 950 ep.
2000 879 2084 947 612).

1440 1026 1656 1103 Iohanni
1686 1029 1869 1104 Me'nrstro
1894 1059 1972 1107 sao.

1209 1156 1252 1247 S.
1278 1178 1323 1250 D.
1364 1173 1579 1248 Charissime
1596 1173 1799 1261 Iohannes,
1826 1180 2018 1276 Postquam
2033 1180 2091 1254 hic
2108 1211 2206 1255 nun-

1211 1280 1341 1349 ciatum
1367 1294 1435 1360 est,
1467 1281 1597 1349 milites
1618 1276 1882 1352 dsaeerice'anos
1908 1308 2105 1356 accessuros
2129 1311 2204 1358 esse
2246 1335 2249 1348 .

1211 1383 1255 1449 ad
1275 1407 1390 1451 arcem
1407 1375 1638 1467 Gameriam,
1671 1384 1849 1454 dimittere
1866 1409 1922 1453 me
1939 1387 2043 1456 amici
2061 1388 2205 1474 nolunt,

1211 1496 1406 1552 metuentes
1422 1484 1579 1573 pericula
1596 1485 1635 1552 in
1648 1487 1717 1558 via.
1766 1483 1844 1554 Etsi
1860 1487 1968 1574 igitur
1981 1489 2130 1557 omuino
2144 1514 2204 1559 re-

1211 1585 1288 1653 dire
1311 1586 1467 1653 decrevi:
1505 1598 1622 1653 tamen
1644 1587 1832 1677 expectabo
1855 1587 2111 1660 adolescentem
2134 1614 2204 1661 no-

1212 1700 1334 1760 strum.
1395 1683 1533 1754 Interea
1558 1687 1623 1755 tibi
1651 1689 1858 1756 commendo
1881 1688 2033 1758 familias
2056 1703 2204 1778 nostras,

1212 1811 1345 1870 meam,
1364 1799 1398 1855 et
1414 1784 1576 1875 Magistri
1593 1780 1719 1861 Pauli.
1764 1787 1805 1858 si
1821 1789 1949 1859 milites
1965 1790 2033 1859 iter
2047 1791 2204 1863 facerent

1214 1911 1276 1977 per
1295 1884 1518 1971 Sereestam,
1550 1890 1784 1957 traducendae
1800 1888 1922 1959 ‘essent
1941 1890 2113 1978 familiae,
2145 1895 2206 1962 vel

1213 1991 1252 2056 in
1272 1989 1421 2073 civium,
1450 1990 1505 2057 vel
1529 1989 1568 2056 in
1584 1991 1814 2058 diaconorum
1831 1993 1974 2076 domos,
2001 1994 2065 2061 uhi
2080 1994 2204 2086 aliqua

1214 2092 1401 2159 autoritate
1436 2103 1645 2179 tegerentur.
1708 2091 1803 2160 Deus
1836 2107 1948 2162 servet
1976 2107 2011 2162 et
2035 2095 2205 2164 defendat

1222 2184 1480 2284 Wlebergam
1503 2204 1536 2261 et
1560 2216 1626 2259 uos
1649 2193 1776 2262 exules.
1835 2191 1933 2262 Beue
1954 2195 2049 2279 vale,
2084 2209 2119 2264 et
2140 2219 2204 2287 per

1213 2288 1309 2361 hunc
1332 2293 1572 2376 tabellarium,
1605 2293 1667 2384 qui
1690 2316 1765 2361 cras
1788 2295 1968 2364 rediturus
1984 2310 2053 2381 est,
2079 2298 2205 2366 rescri-

1214 2395 1300 2466 hito.
1351 2392 1449 2464 Beue
1464 2395 1551 2466 vale.
1603 2393 1669 2463 Die
1685 2397 1722 2469 2.
1735 2393 1900 2468 Decemb.

169 2659 228 2706 ras
250 2636 344 2705 mitti
363 2659 463 2704 cures
488 2637 531 2704 ad
549 2639 671 2705 urbem
689 2630 932 2732 enoecadioe
939 2689 950 2720 ,
979 2662 1050 2732 quo
1066 2660 1161 2704 nunc
1272 2690 1276 2699 .

170 2730 354 2829 Georgius
378 2736 525 2819 adduxit
548 2738 716 2814 familiam
741 2763 851 2818 suam.
911 2737 1044 2808 lterum
1073 2738 1161 2805 vale.
1254 2762 1299 2829 r·
1416 2815 1424 2833 ι

168 2836 246 2913 Cal.
263 2836 477 2911 Decembris.

685 2935 872 3032 Philippus
887 2936 1110 3010 Melanthum

188 3276 255 3346 No.
272 3277 385 3351 5659.

178 3371 389 3410 w

956 3281 1007 3360 (1.
1024 3279 1136 3359 Deob.)

944 3374 1155 3410 m

377 3474 552 3580 (Maior
574 3477 657 3580 od)
688 3477 736 3561 P.
759 3479 958 3564 Eburum.

243 3632 266 3686 E
286 3634 328 3688 ist.
344 3632 432 3689 lih.ll.
444 3635 536 3706 pttt.
551 3637 628 3704 (edit.
638 3639 725 3691 lond.
739 3639 786 3697 lib.
796 3639 829 3696 ll.
841 3641 972 3710 aputu).
992 3672 1028 3682 -
1045 3640 1109 3694 Non
1122 3650 1161 3693 est

306 3702 472 3773 elanthouis,
494 3704 685 3768 cuiusffliamilia
701 3707 749 3760 illo
764 3717 887 3776 tempore
901 3727 958 3761 uou
975 3719 1031 3761 erat
1044 3711 1161 3782 Magda-

274 3771 354 3840 burgi
373 3772 437 3839 (rid.
450 3791 492 3843 ep.
505 3778 587 3846 seq.),
613 3774 659 3828 sed
677 3774 793 3830 fortasse
808 3776 936 3846 Maioris,
965 3778 1011 3849 qui
1029 3778 1158 3834 familiam

274 3857 352 3893 auam
366 3860 457 3896 seeum
471 3842 615 3897 adduxerat
628 3843 855 3916 Magdeburgum.

457 3995 510 4067 D.
535 3995 689 4071 Paulo
715 3997 867 4073 Ebero

171 4125 213 4218 S.
229 4146 271 4219 D.
306 4145 420 4217 Deum
436 4164 617 4220 aeternum
636 4148 776 4218 Patrem
794 4151 939 4221 Domini
955 4154 1066 4222 nostri
1082 4152 1158 4222 lesu

170 4243 305 4318 Christi
322 4275 403 4335 oro,
426 4251 518 4318 veris
535 4265 568 4320 et
583 4251 736 4320 assiduis·
748 4254 956 4340 gemitibus,
982 4271 1023 4325 ut
1038 4253 1161 4324 Eccle-

171 4348 241 4417 siae
262 4374 343 4420 suae
366 4352 617 4421 moestissimae
642 4353 678 4419 in
702 4345 832 4444 oppido
857 4352 900 4426 V
896 4354 1056 4448 iteberga
1078 4381 1159 4447 par-

172 4462 245 4532 cat,
271 4464 304 4519 et
327 4476 388 4520 vos
409 4478 531 4522 omnes
548 4470 676 4522 servet:
711 4479 801 4542 pene
819 4456 857 4523 in
877 4458 984 4527 simili
1002 4459 1159 4548 periculo

160 4571 292 4641 ,sumus
316 4553 418 4620 etiam
442 4556 481 4622 in
503 4559 590 4625 urbe
611 4549 861 4651 Parthenope,
895 4583 966 4650 quo
987 4558 1157 4626 familiam

172 4673 286 4719 meam
310 4653 412 4721 duxi:
453 4657 593 4726 dolores
616 4672 707 4726 certe
728 4657 859 4726 similes
882 4659 1161 4729 circumferimus

169 4752 374 4845 ubicunque
397 4777 528 4826 sumus.
594 4756 657 4825 'l'e
673 4772 790 4827 tamen
814 4783 892 4829 cum
915 4760 986 4828 tuis
1008 4761 1158 4851 optarim

169 4855 355 4924 nobiseum
373 4879 456 4937 esse,
480 4872 523 4939 et,
544 4859 573 4925 si
588 4873 686 4950 potes
703 4855 817 4929 adhuc
832 4862 962 4948 egredi,
987 4861 1157 4941 familiam

1507 2964 1574 3047 M·
1608 2963 1922 3077 Meienburgio

1315 3116 1401 3204 Epist.
1420 3118 1468 3174 lib.
1481 3119 1514 3173 V.
1533 3140 1560 3192 p.
1576 3119 1628 3176 657
1640 3141 1681 3193 sq.

1213 3285 1458 3361 Michaeli
1501 3287 1854 3389 Meienburgio,
1906 3291 2052 3364 consuli
2086 3289 2205 3367 Nort-

1631 3389 1789 3466 hasano.

1211 3526 1257 3617 S.
1284 3542 1330 3615 D.
1386 3543 1641 3614 Honestissime
1667 3559 1701 3614 et
1725 3542 1950 3630 integerrime
1973 3544 2037 3614 vir.
2099 3543 2209 3617 Hanc

1213 3646 1396 3739 epistolam
1424 3645 1527 3713 initio
1559 3645 1646 3712 anni
1674 3643 1782 3718 1547.
1805 3654 2007 3733 accepturos
2037 3668 2101 3712 vos
2130 3671 2208 3717 esse

1211 3772 1325 3840 spero.
1378 3742 1497 3832 Quare
1511 3745 1668 3835 primum
1685 3746 1787 3816 vohis
1800 3760 1834 3815 et
1849 3746 2033 3815 universae
2048 3746 2208 3818 familiae

1213 3862 1347 3919 vestrae
1370 3858 1454 3936 opto
1472 3869 1605 3915 annum
1621 3847 1795 3932 faustum,
1824 3847 1961 3916 felicem
1978 3860 2010 3914 et
2027 3850 2208 3940 tranquil-

1212 3952 1306 4028 lum,
1344 3972 1384 4016 ac
1404 3960 1445 4016 ut
1466 3946 1561 4017 Deus
1583 3963 1764 4033 aeternus,
1795 3948 1899 4017 Pater
1919 3949 2066 4017 Domini
2090 3951 2206 4018 nostri

1214 4050 1291 4120 lesu
1304 4043 1459 4133 Christi,
1485 4064 1599 4119 servet
1615 4075 1678 4119 vos
1696 4052 1910 4129 incolumes,
1942 4063 1976 4118 et
1996 4045 2206 4119 honestissi-

1212 4177 1306 4223 mam
1328 4152 1513 4241 coniugem
1534 4165 1686 4223 vestram
1706 4167 1741 4223 et
1758 4153 1889 4221 liberos
1902 4164 2053 4234 vestros,
2085 4167 2121 4224 et
2134 4148 2206 4220 Ee-

1212 4254 1337 4324 clesiae
1353 4267 1387 4323 et
1403 4251 1636 4346 Reipublicae
1653 4256 1776 4325 reddat
1793 4252 2103 4345 tranquillitatem,
2126 4264 2205 4322 toto

1213 4382 1293 4427 eum
1322 4369 1461 4445 pectore
1490 4379 1564 4426 oro.
1623 4353 1713 4425 Cum
1737 4369 1852 4424 autem
1877 4354 2003 4438 sciam,
2034 4377 2098 4422 vos
2121 4377 2205 4424 cura

1211 4457 1443 4548 Reipublicae
1458 4455 1550 4542 angi,
1571 4479 1632 4523 vos
1647 4453 1826 4539 adhortor,
1843 4471 1882 4526 ut
1897 4457 2055 4525 animum
2069 4478 2089 4524 a
2105 4478 2207 4524 moe-

1211 4560 1307 4630 stitia
1323 4557 1517 4639 ahducatis,
1544 4567 1577 4623 et
1593 4558 1761 4644 cogitetis,
1785 4582 1858 4625 non
1875 4582 1976 4648 posse
1996 4556 2119 4624 omnia
2135 4551 2205 4624 hu·

1211 4682 1316 4730 mana
1338 4657 1507 4749 sapientia
1534 4659 1714 4746 provideri
1740 4674 1801 4729 aut
1826 4661 1912 4747 regi.
1978 4654 2026 4725 Et
2051 4657 2204 4749 quadam

1210 4759 1453 4829 moderatione
1476 4758 1609 4826 doloris
1632 4760 1829 4828 tolerandas
1852 4784 1922 4827 esse
1939 4781 2145 4843 aerumnas,
2171 4771 2205 4828 et

1211 4861 1396 4953 petendam
1416 4874 1449 4928 et
1465 4863 1713 4949 expectandam
1733 4886 1805 4929 esse
1821 4889 1840 4929 a
1856 4862 1931 4931 Deo
1946 4860 2204 4947 mitigationem

170 4952 355 5040 advehite,
387 4960 547 5027 noudum
572 4960 667 5029 enim
692 4962 730 5028 in
754 4956 818 5030 hac
834 4964 890 5032 via
906 4965 1025 5052 vagari
1043 4959 1159 5032 hostes
1209 4961 1434 5053 publicorum
1460 4974 1493 5030 et
1516 4961 1735 5050 privatorum
1753 4963 1939 5032 malorum.
1993 4959 2069 5029 lam
2086 4973 2205 5031 autem

169 5073 368 5150 coeperunt.
422 5054 515 5128 Mihi
532 5063 673 5150 longius
690 5051 835 5130 exilium
849 5064 1071 5155 propositum
1087 5087 1159 5133 esse
1210 5063 1250 5131 in
1272 5055 1339 5129 hoc
1362 5063 1436 5152 ipso
1462 5062 1548 5131 fcslo
1573 5065 1782 5153 proponitur
1799 5065 2000 5132 mirandum
2019 5077 2052 5130 et
2069 5063 2206 5131 illustre

168 5158 291 5245 video,
317 5163 376 5229 sed
392 5163 514 5231 dolore
531 5165 575 5231 de
592 5160 732 5253 Repub.
750 5176 784 5232 ct
799 5181 943 5256 propter
958 5163 1155 5235 Electorem
1209 5164 1465 5245 testimonium,
1491 5165 1587 5255 quod
1604 5165 1768 5247 ostendit,
1795 5166 1910 5234 iuvari
1927 5160 2087 5233 homiues
2102 5186 2209 5255 pror-

168 5263 302 5333 maiore
325 5266 521 5347 excrucior,
551 5288 656 5356 quam
681 5267 725 5331 de
746 5289 810 5338 me.
867 5262 969 5335 Nihil
991 5268 1036 5335 de
1057 5290 1157 5356 prae·
1210 5288 1268 5334 sus
1282 5266 1327 5332 ab
1343 5265 1509 5333 omnibus
1525 5265 1693 5332 creaturis
1707 5266 1873 5350 desertos,
1892 5266 1966 5335 Deo
1983 5288 2018 5332 se
2034 5265 2206 5334 offerente

165 5366 278 5436 teritis
309 5390 435 5460 querar
463 5389 553 5457 ortae
583 5359 797 5452 reprehendi
827 5383 991 5457 possunt,
1027 5367 1154 5457 corrigi
1209 5366 1313 5436 nobis
1344 5367 1512 5434 innuensa
1544 5364 1807 5447 misericordia,
1842 5381 1883 5436 ut
1914 5367 2006 5435 iuvit
2029 5363 2149 5436 Adam
2173 5379 2209 5436 et

92 5512 94 5516 -
163 5490 237 5536 non
254 5481 413 5557 possunt.
466 5465 508 5533 lu
524 5465 612 5534 ur'he
629 5458 870 5562 Parthenope.

1209 5465 1344 5538 llevam
1365 5480 1442 5558 post
1460 5466 1614 5558 lapsum,
1640 5468 1702 5537 ubi
1720 5469 1818 5538 nulla
1834 5482 1993 5537 creatura
2010 5491 2069 5538 eos
2083 5470 2207 5538 iuvare
