4748 6022
646 237 1087 320 nersronannu
1146 241 1254 323 aas.
1286 244 1334 324 n
1386 242 1519 323 asar.
2038 223 2128 335 rso

704 405 762 494 ἐς).
778 422 862 501 Aac.
876 419 1042 505 (usam.)
1114 437 1174 484 cos
1196 428 1313 485 autem
1335 430 1418 502 oro,
1456 431 1497 488 ut
1519 419 1575 489 vel
1597 434 1742 515 propter
1762 426 1953 498 amicitiam
1974 426 2109 501 iudices

692 514 1060 552 Μ
1113 514 1186 588 sint
1199 517 1368 600 mitiores,
1392 521 1593 608 praesertim
1610 547 1691 593 cum
1707 520 1775 595 hoc
1792 526 1859 598 iter
1877 553 1995 600 meum
2013 522 2107 597 nihil

389 613 518 728 Cadp.
539 612 748 727 Aquilae,
1114 618 1274 688 nocuerit
1287 616 1532 709 Reipublicae.
1576 618 1657 693 Edo
1674 620 1732 696 hic
1746 627 1909 697 libellum
1925 630 2109 721 puerilem,

135 762 321 851 samapm'.
337 777 431 849 pne.
452 777 553 832 ararum
566 773 612 828 ta.
622 773 643 828 t.
657 791 698 841 φ.
707 770 800 842 μη.
813 768 868 834 (aa.
883 770 974 824 cona.
990 770 1035 829 aa.
1043 775 1064 827 1.
1111 720 1191 804 sed,
1219 734 1258 838 ¹¹}
1274 743 1397 838 spero,
1411 724 1650 840 profuturum
1673 727 1901 804 discentibus
1951 728 2041 800 Nam
2060 729 2109 799 ita

64 869 80 878 ·
171 849 297 930 epta).
315 877 349 889 -
377 845 540 926 apographa
554 845 582 897 tn
595 842 658 897 cod.
674 840 758 894 Gora.
772 840 831 893 191.
850 858 876 910 μ.
887 840 942 906 ot,
957 842 984 894 io
1000 843 1065 896 cod.
1112 836 1245 890 retexui
1280 822 1504 907 dialecticen,
1544 837 1585 894 ut
1617 850 1706 917 pene
1736 827 1907 919 integram
1939 846 2049 900 artem
2066 825 2109 924 ¹⁰)

170 917 302 975 Bmffl·
323 912 583 989 '’⁸⁶⁸⁴'‘”n‘0ss
600 908 768 965 M⁰¹¹⁸⁰‘⁹⁰·
788 908 902 965 MV·
919 909 1047 981 ΜΨ·
1110 922 1313 1012 complexus
1339 924 1427 1005 sim,
1468 939 1502 993 et
1528 925 1703 996 illustravi
1734 929 1919 1022 exeruplis,
1951 954 2040 1023 quae
2069 930 2108 1000 in

1109 1018 1267 1093 Ecclesia
1281 1021 1398 1094 extare
1414 1026 1502 1094 utile
1515 1039 1578 1101 est.

65 248 143 324 64⁹

67 419 135 492 No.
153 416 267 488 ³988.

74 513 247 546 Μ

64 1091 120 1171 D’
136 1083 292 1190 casim
304 1111 351 1159 Μ
368 1081 590 1205 ,Aquilae’
615 1075 769 1153 pamm.
782 1079 972 1155 Ecdeme
984 1079 1066 1155 Da.
1209 1154 1314 1227 Nunc
1334 1160 1377 1226 ad
1399 1136 1493 1228 tuam
1501 1160 1697 1250 epistolam
1714 1162 1839 1246 venio,
1864 1161 2032 1255 quemad
2051 1185 2109 1231 re·

494 1186 502 1205 ⁰
732 1181 740 1211 Ι

359 1212 399 1258 m
414 1181 547 1285 ⁰1,de
562 1178 721 1362 Solseld
741 1184 769 1280 )⁰
1108 1261 1302 1332 verendum
1327 1259 1444 1328 virum
1462 1258 1506 1334 D.
1521 1255 1767 1330 Pomcronum
1784 1263 1965 1355 scripsisti.
2018 1260 2109 1331 Pin·

62 1337 108 1428 S·
132 1350 176 1423 D.
218 1348 310 1421 Cum
325 1370 405 1441 spes
418 1360 557 1418 ostensa
576 1360 664 1417 esset
686 1347 952 1416 tnsitttrattionit
970 1346 1062 1420 Aca·
1108 1359 1215 1426 darus
1229 1360 1347 1452 inquit
1364 1355 1419 1455 ¹'):
1451 1357 1650 1431 maledicta
1670 1361 1861 1433 obsonium
1877 1360 2005 1432 esseio
2022 1384 2107 1431 ron·

63 1454 199 1527 demiae
223 1445 427 1543 ¹1⁰⁸lffl⁰²)‚
452 1444 822 1543 mequevehtfflffller
841 1449 1060 1518 obtestaren-
1108 1457 1226 1528 viriis.
1285 1458 1387 1531 Adeo
1416 1479 1516 1531 vetus
1540 1469 1757 1534 consuetudo
1783 1478 1835 1536 est
1856 1464 2104 1538 maledicendi.

63 1574 123 1633 tur
137 1554 300 1642 collegae,
326 1565 366 1620 ut
380 1551 546 1629 redirem,
573 1562 763 1620 moverunt
776 1575 833 1620 me
848 1547 1060 1622 Academiae
1106 1557 1176 1630 Sed
1194 1585 1258 1629 nec
1272 1584 1433 1653 spargere
1448 1560 1490 1657 ¹²)
1505 1565 1717 1649 calumnias,
1742 1568 1872 1637 nereis
1888 1567 2039 1647 credere,
2065 1587 2103 1635 re
2143 1626 2146 1632 .

64 1680 213 1739 nornen,
244 1652 450 1722 coniunctio
470 1652 704 1741 collegarum,
731 1650 887 1721 solitudo
911 1666 945 1722 et
960 1677 1059 1722 moe-
1106 1684 1180 1729 non
1196 1664 1374 1753 explorata
1395 1664 1591 1737 iustnm‘est
1607 1662 1662 1761 ¹'):
1689 1667 1819 1738 deinde
1836 1667 1949 1737 multo
1966 1661 2115 1736 tristius.

61 1761 156 1835 stitia
179 1752 286 1825 huius
300 1751 494 1835 Ecclesiae,
519 1754 558 1822 in
579 1778 686 1848 quam
706 1767 808 1822 antea
827 1755 957 1822 multat
973 1777 1059 1844 gen-
1105 1776 1174 1848 est,
1211 1777 1320 1833 totam
1346 1761 1539 1835 Ecclesiam
1574 1769 1788 1838 contumelia
1820 1769 1960 1838 afficere
1994 1788 2101 1860 quam

61 1878 113 1937 tes
140 1856 389 1940 intuebantur,
419 1868 461 1926 ut
490 1849 558 1924 hut
588 1857 799 1926 accederem·
862 1854 1060 1925 Videbatur
1106 1887 1245 1953 paucos.
1280 1865 1388 1953 Quod
1405 1881 1521 1937 autem
1539 1867 1605 1949 illi,
1628 1871 1672 1938 de
1688 1871 1817 1962 quibus
1830 1869 1966 1951 scribis,
1986 1868 2101 1952 aiunt,

60 1964 156 2036 enirn
172 1957 202 2051 ³)
225 1956 402 2045 singulare
418 1955 627 2025 beneficium
642 1954 708 2027 Dei
725 1978 816 2040 0⁸⁸⁰,
841 1960 937 2050 (ιῦοἅ
955 1956 1059 2048 θρρί·
1105 1958 1164 2033 hic
1180 1966 1367 2037 dissentire
1381 1969 1658 2054 concionatores,
1677 1965 1768 2039 hanc
1785 1965 1990 2050 Ecclesiam,
2009 1990 2101 2060 <prae

61 2066 187 2138 dutum
212 2072 373 2129 nostrum
391 2081 464 2126 ¹¹0⁰
478 2056 640 2127 funditus
653 2058 810 2127 deletum
828 2071 935 2143 mei,
961 2056 1058 2128 iudi·
1104 2065 1239 2158 alioqui
1266 2069 1304 2134 in
1322 2092 1446 2157 magno
1464 2070 1560 2140 luctu
1578 2076 1648 2154 est,
1674 2072 1857 2140 manifesta
1874 2069 2005 2139 iniuria
2022 2068 2099 2136 affi-

60 2169 254 2255 tabemque
275 2160 425 2229 alierum
446 2154 513 2227 Dei
534 2158 745 2228 beneficium
765 2160 860 2242 sore,
896 2160 925 2227 si
950 2159 1056 2230 etiam
1104 2166 1213 2240 ciunt.
1267 2165 1345 2238 Una
1368 2184 1402 2239 et
1423 2160 1647 2241 consentiens
1673 2197 1739 2242 vox
1760 2168 1946 2261 Evangelii
1972 2171 2009 2239 in
2034 2163 2121 2253 hac,

60 2263 189 2340 alveoli
210 2255 351 2332 scholae
366 2259 645 2357 restituerentur.
700 2256 923 2330 Cumautcm
937 2261 1056 2346 sciam,
1102 2264 1272 2352 Ecclesia,
1297 2270 1334 2337 in
1350 2272 1484 2362 oppido
1495 2269 1706 2361 Witeberga
1720 2271 1787 2341 Dei
1802 2272 1971 2340 beneficio
1987 2282 2101 2355 sonat,

59 2364 150 2440 mihi
177 2363 343 2434 atrociter
365 2360 528 2430 maledici
550 2384 569 2430 a
595 2359 716 2429 multis
733 2356 764 2455 ⁴)
792 2375 937 2463 propter
958 2355 1056 2432 hunc
1103 2381 1142 2437 ut
1156 2371 1302 2438 sonabat
1319 2386 1400 2440 aute
1419 2373 1565 2444 bellum.
1615 2368 1663 2442 Et
1678 2375 1751 2442 fere
1767 2373 1916 2462 singulis
1933 2372 2100 2462 septima-

57 2492 178 2541 meum
199 2463 374 2547 reditum,
398 2458 490 2531 nihil
508 2462 727 2554 respondeo,
750 2461 819 2530 nisi
837 2461 971 2552 precari
988 2486 1056 2547 me,
1102 2469 1159 2538 nis
1175 2470 1328 2539 ministri
1341 2468 1526 2562 Evangelii
1545 2468 1602 2540 hic
1617 2475 1757 2562 publica
1773 2472 1998 2543 ordinatione
2012 2495 2099 2539 con-

57 2586 99 2646 ut
112 2592 191 2638 meo
209 2563 327 2634 dolori
343 2563 444 2632 venia
460 2565 577 2632 detur·
622 2560 739 2657 Aeger
752 2560 903 2632 animus
917 2585 1056 2659 semper
1101 2570 1232 2642 firmati
1251 2572 1444 2641 mittuntur
1464 2575 1509 2642 ad
1535 2574 1668 2644 vicinas
1691 2574 1867 2665 regiones:
1900 2569 1965 2643 hac
1987 2573 2098 2662 septi-

52 2679 175 2750 erral,
205 2665 324 2760 inquit
343 2663 496 2737 Ennius.
566 2662 652 2736 Fuit
675 2665 784 2753 igitur
805 2665 843 2734 in
869 2660 934 2734 hac
957 2678 1054 2736 tanta

58 2770 234 2846 moestitia
260 2791 336 2837 mea
356 2764 514 2837 fortassis
534 2766 676 2836 animus
700 2789 799 2837 meus
816 2767 956 2836 avidior
967 2789 1053 2834 ron·

57 2870 251 2949 iunctionis
274 2882 432 2938 veterum
455 2867 670 2952 amicornm,
704 2869 915 2961 quibuscum
934 2868 974 2936 in
993 2890 1053 2935 so-

57 2981 181 3050 cietate
204 2968 445 3042 honestissimi
467 2967 599 3037 laboris
622 2981 691 3037 tarn
715 2970 779 3039 diu
811 2969 894 3040 viai.
954 2966 1052 3038 Fieri

56 3080 163 3151 etiam
191 3071 329 3165 potuit,
361 3083 403 3138 ut
426 3067 501 3160 spei
523 3068 602 3158 plus
625 3062 831 3154 habuerim,
857 3094 964 3163 quarn
986 3093 1052 3162 pro

56 3196 256 3268 temporum
279 3167 484 3255 conditione
505 3170 720 3260 sperandum
736 3183 829 3254 erat,
854 3173 898 3240 de
915 3171 1053 3240 instau-

55 3280 195 3353 ratione
211 3269 440 3354 Academiae,
464 3293 555 3362 quae
570 3294 615 3338 an
632 3282 837 3362 processura
855 3273 912 3354 sit,
933 3267 1052 3341 adhuc

55 3379 206 3454 dubium
230 3385 293 3446 est.
343 3368 451 3442 Certe
467 3394 531 3439 nec
551 3372 750 3463 voluptates
765 3395 829 3442 nec
842 3395 927 3465 opes
942 3397 1052 3466 quae-

54 3482 134 3556 sivi.
186 3475 280 3544 Vivo
296 3466 355 3542 hic
369 3496 448 3543 meo
462 3487 607 3564 sumptu
623 3487 663 3542 ut
677 3468 805 3565 hospes
817 3469 858 3566 ⁸),
883 3487 917 3543 et
929 3497 1053 3544 versor

54 3587 94 3657 in
108 3575 289 3654 communi
303 3573 400 3643 luctu
413 3588 447 3644 et
460 3572 674 3663 precatione,
701 3599 766 3643 nec
783 3571 874 3644 mihi
888 3576 964 3646 dies
976 3576 1050 3646 ulla

54 3688 131 3760 sine
145 3677 310 3773 lacrymis
325 3675 411 3748 abit.
462 3672 503 3745 si
520 3677 684 3765 procedet
702 3677 923 3763 instauratio,
947 3699 1050 3769 spero

54 3788 280 3882 profuturnm
309 3798 383 3845 esse
408 3771 577 3846 Ecclesiis
600 3771 729 3845 harum
754 3779 951 3866 regionum.
1010 3778 1050 3850 si

55 3914 128 3961 non
153 3884 336 3977 procedet,
364 3892 441 3948 tnm
464 3851 607 3948 demum
632 3877 671 3946 in
693 3902 785 3947 nova
802 3881 904 3949 exilia
922 3879 1051 3950 distra-

53 3987 192 4063 hemur.
243 3981 315 4052 Nec
336 3979 466 4047 mirum
491 3993 563 4061 est,
589 4001 674 4056 nos,
700 3993 742 4049 ut
764 3995 941 4067 amantes,
966 3978 1050 4051 huic

52 4082 274 4167 distractioni
294 4103 430 4148 moram
444 4078 598 4170 aliquam
613 4079 837 4169 quaesivisse.
890 4080 963 4169 Qui
983 4077 1050 4153 hoc

51 4215 170 4266 meum
197 4195 351 4253 erratum
369 4179 419 4248 sic
432 4191 658 4268 exaggerant,
684 4175 826 4271 quasis)
851 4183 1047 4251 doctrinam

51 4287 259 4367 abiecerim,
299 4304 363 4349 suo
399 4305 497 4349 more
530 4278 697 4348 iniuriam
734 4274 822 4348 mihi
857 4281 991 4349 iaciunt
1006 4277 1048 4372 ⁸).

52 4396 127 4487 Qui
143 4392 280 4463 utinam
296 4406 358 4452 sua
376 4380 482 4450 etiarn
501 4394 614 4451 errata
632 4394 836 4473 reputarent
848 4375 891 4478 ⁸).
944 4379 1047 4452 Ami-

1133 2891 1161 2958 9)
1179 2895 1360 2957 reputarent]
1379 2888 1463 2946 Peuc.
1479 2893 1643 2958 wenlanus.

1135 2989 1177 3057 10)
1195 2999 1290 3042 artem
1308 2988 1392 3044 Peur.
1406 3008 1461 3043 non
1475 2989 1563 3044 habet.

1134 3088 1179 3153 tt)
1200 3086 1254 3139 Pro
1269 3085 1371 3140 verbis:
1398 3089 1542 3140 Pindarus
1554 3088 1655 3154 aitqua‘t,
1678 3092 1705 3138 et
1717 3104 1785 3157 quae
1797 3096 1949 3157 sequuntur
1960 3102 2046 3157 traque
2057 3084 2092 3138 ad

1168 3157 1268 3220 finem,
1286 3153 1394 3208 codices
1408 3152 1526 3207 Gothori
1539 3164 1642 3208 tantum
1654 3153 1720 3209 haec
1734 3155 1847 3209 babent:
1877 3153 1975 3222 ‚,8cio,
1992 3166 2018 3208 te
2034 3171 2092 3207 non

1167 3221 1296 3304 delectari
1318 3220 1439 3304 fabellis,
1464 3240 1531 3288 quaa
1551 3220 1655 3303 narrari
1669 3222 1730 3303 istic
1743 3223 1849 3278 scribis.
1888 3222 1942 3276 Sed
1958 3233 2093 3287 auctores,

1167 3310 1214 3365 ‘¹⁰'
1227 3288 2095 3413 ·'⁹²‘t⁰t.2,'‘l”{51¹⁸'tlted‘t''‘:{l².‘l¹¹li‘0¹f2.⁰⁸{lit}
2150 3318 2156 3333 '

1167 3359 1342 3483 {militaria
1362 3378 1434 3478 vorp
1448 3396 1562 3493 van’gelii
1581 3376 1669 3479 aqdbuc
1683 3377 1826 3496 ihpoppido
1842 3438 1937 3481 nostro
1950 3435 2030 3480 sonat
2042 3421 2097 3478 Dei

1168 3494 1318 3565 beneficio,
1340 3506 1366 3548 et
1381 3497 1527 3547 mittuntur
1538 3494 1602 3548 binc
1613 3494 1726 3576 singulis
1739 3497 1895 3564 septimanis
1910 3495 2025 3549 ministri
2038 3493 2096 3547 aliis
2212 3552 2214 3558 .

1167 3564 1307 3618 Eccleaiia.
1334 3561 1459 3617 Colimus
1472 3562 1553 3614 etiam
1570 3581 1632 3616 vera
1647 3571 1743 3632 pretate
1756 3573 1781 3616 et
1794 3562 1946 3617 reverentia
1960 3561 2093 3633 captivum

1168 3631 1324 3702 Principem
1344 3632 1446 3702 optime
1466 3632 1610 3697 meritum,
1636 3641 1662 3683 et
1683 3650 1733 3700 pro
1753 3650 1785 3684 eo
1804 3632 1911 3702 publice
1925 3643 1950 3684 et
1966 3629 2093 3700 privatim
2121 3682 2126 3692 ,

1167 3703 1200 3754 ad
1216 3699 1306 3753 Deum
1322 3699 1489 3770 precationes
1505 3697 1627 3753 iacimus.
1662 3699 1788 3778 Denique
1802 3712 1905 3752 arentes
1920 3718 1982 3768 erga
1995 3697 2094 3751 Eccle-

1166 3772 1232 3825 siam
1248 3769 1299 3820 nai
1319 3777 1345 3820 et
1363 3785 1427 3838 erga
1445 3766 1600 3838 Principem
1621 3775 1647 3819 et
1665 3770 1816 3821 doctrinam
1835 3768 1862 3819 in
1878 3767 1957 3820 nobis
1969 3765 2093 3818 nondum

1167 3846 1286 3892 mutatae
1299 3845 1371 3900 sunt,
1391 3853 1441 3889 nec
1456 3840 1645 3889 mutabuntur.
1679 3835 1737 3889 Nec
1749 3852 1903 3906 quenquam
1919 3835 1946 3887 ia
1961 3835 2012 3888 hoc
2023 3831 2094 3884 tristi

1168 3904 1271 3978 oppido
1290 3905 1414 3957 andimus
1436 3902 1506 3955 male
1526 3902 1681 3972 loquentem
1703 3903 1736 3954 de
1755 3902 1839 3954 altera
1857 3903 1925 3960 aula¹
1964 3902 2056 3970 Quare
2069 3911 2096 3953 te

1168 3994 1234 4032 oro,
1253 3993 1287 4025 ne
1303 3971 1464 4035 calumniis,
1504 3989 1554 4022 uae
1573 3978 1668 4022 eontra
1681 3989 1731 4022 noa
1744 3982 1923 4041 sparguntur,
1941 3970 2050 4030 credas,
2068 3978 2096 4022 et

1166 4043 1255 4115 potius
1270 4037 1455 4094 misericordia
1469 4057 1483 4091 a
1504 4036 1600 4091 saciari·
1616 4048 1723 4092 nostrae
1737 4037 1887 4105 Ecclesiae,
1912 4038 2022 4110 quaein
2038 4052 2112 4089 ma·-

1184 4129 1222 4164 no
1245 4112 1320 4163 luctu
1339 4117 1365 4160 et
1379 4123 1506 4158 moerore
1520 4115 1569 4159 eat.
1608 4104 1666 4174 Epo
1681 4110 1806 4160 noudum
1820 4107 1896 4172 scio,
1918 4106 1964 4160 ubi
1975 4105 2052 4158 Deua
2065 4102 2094 4156 in

1165 4130 1216 4232 hac
1229 4195 1288 4228 mea
1301 4185 1408 4229 senecta
1423 4173 1487 4226 mibi
1502 4170 1649 4243 hospitium
1666 4193 1844 4230 concessurus
1855 4179 1905 4233 ait,
1929 4175 1956 4227 io
1971 4192 2026 4242 quo
2038 4171 2092 4225 ali·

1163 4255 1265 4315 quanto
1279 4253 1339 4314 poet
1352 4241 1473 4312 sepeliar.
1502 4240 1594 4294 Nostri
1607 4243 1733 4297 doctores
1746 4245 1781 4296 D.
1795 4244 1903 4309 Ρωιον,
1919 4251 1945 4295 et
1961 4241 2092 4306 Craciger

1164 4313 1342 4434 efficeremus
1353 4310 1400 4364 tibi
1413 4309 1526 4364 salutem
1538 4321 1642 4383 optant.
1664 4311 1737 4366 Bene
1749 4310 1819 4367 vale.
1843 4310 1970 4365 Kalendis
1983 4308 2090 4378 Septbr.

1234 4446 1366 4518 Magister
1379 4443 1579 4513 Sebosianae,
1598 4447 1702 4519 collega
1718 4465 1809 4515 meua,
1827 4446 1965 4518 copiosior
1979 4463 2090 4501 narrare

1232 4526 1321 4590 potest
1332 4527 1432 4572 statum
1446 4517 1525 4571 huius
1540 4518 1632 4588 oppidi
1647 4519 1744 4570 nostri.

1742 4582 1813 4638 Phil.
1833 4583 2020 4639 Metanetaons·

60 4582 288 4602 Μ

1161 4655 1206 4711 De
1224 4675 1302 4711 unsa
1321 4652 1400 4708 buius
1418 4653 1579 4708 diversitatis
1598 4655 1663 4773 quid
1679 4665 1792 4707 statuam
1803 4671 1866 4705 non
1879 4653 1977 4706 babeo.
2013 4652 2091 4707 Scri·

83 4695 110 4756 l)
128 4691 158 4744 ln
171 4689 232 4744 sod.
245 4686 358 4740 Monac.
371 4680 415 4735 90.
428 4675 599 4733 inscribitura
625 4675 778 4776 Valentino
792 4674 1012 4748 Trotundorfio.

84 4783 112 4848 9)
130 4787 247 4831 nostroe
260 4772 345 4824 Peuc.
359 4786 414 4821 noo
429 4764 519 4820 habet.

63 4847 118 4932 x8)
136 4861 218 4913 Pena.
238 4853 377 4907 Videbam
393 4850 501 4911 etiam
519 4842 660 4899 mendose.

81 4947 115 5016 4)
136 4941 211 4996 Haud
232 4935 314 4990 dubie
326 4927 489 5010 Wimariae
502 4937 529 4981 et
543 4926 571 4980 in
585 4923 703 5007 vicinia,
728 4943 812 4991 qnare
823 4944 903 5012 cauea
914 4927 1047 5011 intelligi.

117 5026 176 5077 tur,
199 5027 250 5064 cur
262 5002 327 5058 Mel.
339 5011 395 5054 tam
409 4998 512 5069 probae
526 4997 560 5050 ad
574 4993 701 5066 aquatam
715 5012 745 5049 ea
759 4996 793 5049 de
807 5014 836 5048 re
850 5007 1000 5070 acnpaertt.

80 5101 110 5165 5)
128 5106 158 5151 ut
174 5098 271 5156 hospes
284 5088 367 5140 Peuc.
378 5094 405 5137 et
419 5080 482 5138 sod.
496 5078 606 5135 Monac.
620 5075 664 5135 9).
676 5095 733 5132 aon
748 5075 857 5133 habam.

78 5189 110 5250 6)
129 5198 188 5236 esee
203 5179 287 5232 Penc.
300 5191 356 5226 nott
372 5169 462 5226 habet.

77 5273 107 5338 7)
128 5265 212 5338 quusi
222 5259 319 5321 codd.;
340 5255 387 5310 aed
401 5252 486 5307 Peuc.
499 5261 653 5317 tanqum.

78 5359 107 5426 3)
124 5354 258 5410 Mun-am
278 5366 317 5399 m·
332 5338 456 5411 sam]
475 5337 524 5393 εἰς
539 5334 635 5405 wad„
653 5335 700 5390 „J
722 5333 806 5392 Ρως.
823 5353 875 5391 m
892 5355 974 5392 mm
993 5356 1043 5394 ω.
1125 5333 1173 5417 13)
1190 5331 1262 5386 Cod.
1274 5329 1386 5385 Monac.
1398 5328 1443 5389 90.
1460 5330 1664 5401 praetermittite
1690 5348 1722 5385 re
1735 5347 1795 5386 noe
1808 5332 2089 5406 aplmew,‚etpro

112 5425 224 5479 mnae
240 5420 428 5472 delcetantur.
1160 5412 1268 5458 rutum
1282 5408 1326 5455 est
1338 5397 1432 5454 babet:
1456 5402 1543 5455 desa.
1838 5429 1842 5435 ·

1162 4727 1252 4797 paitne
1267 4722 1421 4777 Melanthos
1442 4723 1518 4776 binas
1538 4722 1596 4774 eina
1616 4740 1660 4774 em
1678 4721 1830 4792 argumenti
1852 4720 1980 4783 epistolas
1999 4722 2037 4773 rel
2055 4721 2089 4775 ad

1163 4795 1289 4864 Aquilam
1340 4790 1487 4843 rdiveraos
1500 4788 1654 4843 tabellarios
1670 4791 1779 4854 naissas,
1796 4790 1835 4844 vel
1850 4788 1961 4843 alteram
1977 4789 2089 4860 Aquilae

1162 4861 1274 4917 alteram
1312 4857 1503 4938 tochendorfro
1522 4855 1701 4939 inscriptam!
1721 4892 1757 4904 -
1793 4859 1872 4927 Estne
1892 4857 2004 4911 iortaaae
2018 4857 2088 4910 Peu-

1162 4949 1242 4986 ccrua
1259 4945 1353 4990 ausus,
1378 4926 1522 4996 epistolam
1538 4925 1721 5008 amplrlirare.
1746 4945 1779 4981 aa
1794 4945 1857 5006 vero
1871 4935 1996 5006 auctores
2008 4924 2088 4982 sodi·

1160 4995 1440 5137 {thiiss‘ltltlt
1454 5005 1526 5116 tlt}
1543 5013 1583 5107 ¹'-⁸'
1603 4995 1851 5123 'bilbilibib'
1871 5005 2006 5066 ''⁰⁸⁸‘'¹⁰'
2026 5011 2114 5066 ⁹⁸⁸⁴

1128 5165 1172 5225 iit
1190 5183 1239 5218 nee
1251 5165 1402 5230 spargere]
1420 5159 1490 5218 coe.
1504 5161 1615 5222 Monac.
1632 5161 1677 5219 9⁰.
1693 5167 1767 5219 varos
1784 5181 1887 5233 graves
1900 5181 1989 5234 aeque
2002 5181 2088 5232 spar-

1159 5249 1236 5304 gere.
