4748 6022
56 322 139 400 678
641 313 1070 433 tttlsuonattust
1120 306 1230 384 LlB.
1259 304 1306 379 X.
1358 302 1490 379 1647.
2031 316 2106 398 674

59 491 271 565 Hortaberis
285 494 404 561 autem
419 488 622 580 Principem
637 479 898 582 Georgium*),
913 480 1054 556 utscrt-
1104 493 1146 552 ut
1163 475 1356 569 Euripides
1380 475 1510 571 inquit.
1560 471 1639 566 Ego
1658 493 1722 548 nec
1749 468 1859 569 gratia
1882 504 1947 552 nec
1968 492 2101 560 autori.

59 596 120 663 bat
145 594 188 662 ad
204 589 406 662 Electorem
423 589 655 672 Saxonicum,
680 611 724 656 ne
742 590 835 658 sinat
851 583 944 656 hanc
960 581 1052 655 Aca·
1105 593 1174 652 tate
1190 581 1286 672 apud
1303 573 1547 650 Grancellum
1563 579 1678 649 valeo.
1728 577 1813 648 Plus
1826 582 1956 651 valebit
1972 587 2099 675 episto.

59 693 212 763 demiam
228 692 369 762 collabi.
420 688 568 760 Prodest
585 687 750 758 Ecclesiis
766 703 799 758 et
816 688 952 771 studiis,
979 709 1053 754 ser-

59 795 135 862 vari
152 788 244 862 hanc
258 791 440 862 doetrinae
455 792 584 865 sedem.
612 787 711 858 Bene
725 789 814 874 vale,
841 801 876 857 et
889 786 1051 859 rescribe.

59 890 96 968 6.
111 891 338 984 Septembris.

160 992 251 1063 Tuis
266 993 347 1062 liliis
362 990 449 1062 ntile
462 1011 553 1081 opus
567 985 783 1061 Dialecticen
796 989 940 1061 recudo.

801 1085 1001 1182 Philippus.

877 1461 1051 1586 Q

392 1620 528 1709 Alex.
557 1621 725 1711 Alesio.

128 1785 208 1840 Edita
228 1785 489 1844 aleleostsedtl.
514 1803 559 1859 cp.
575 1786 602 1841 6.
637 1787 741 1858 Αρορν.
757 1784 785 1839 in
805 1786 869 1844 cod.
890 1785 1004 1857 Gnelpb.
1024 1785 1053 1840 in

162 1856 221 1995 :204
229 1856 278 1977 ἑο.
292 1855 349 1915 ts..
366 1852 428 1909 cod.
442 1852 554 1909 Mortes.
570 1853 608 1908 ll.
627 1872 653 1926 p.
669 1852 716 1909 178
724 1856 751 1909 b,
770 1864 796 1908 ct
809 1854 871 1911 cod.
884 1854 993 1909 Monac.
1008 1853 1053 1909 89.

64 2074 160 2154 Viro
181 2074 316 2174 optimo
342 2071 396 2148 D.
423 2068 703 2145 Alexandro
731 2068 910 2161 Alesia,
934 2069 1053 2160 Scuto,

86 2176 247 2248 Ducendi
271 2173 583 2292 Evangeliumoin
607 2169 806 2245 Academia
827 2169 1029 2272 Lipse’ensi,

458 2299 576 2345 amero
590 2299 657 2345 suo

59 2409 105 2498 S.
132 2423 176 2497 D.
226 2420 414 2493 Carissimo
430 2414 541 2494 Alesi.
574 2416 828 2490 Etsinondum
844 2444 987 2511 prorsus
1003 2434 1055 2490 est

60 2525 298 2617 tranquillitas
321 2525 360 2592 in
382 2521 593 2605 Germania,
626 2536 745 2592 tamen
766 2523 909 2591 eumad
930 2520 1052 2591 Albim

61 2641 174 2697 essent
190 2637 319 2708 castra,
344 2623 497 2716 colloqui
515 2646 578 2712 per
593 2622 756 2712 epistolas
770 2624 814 2691 de
828 2637 948 2692 nostra
962 2625 1053 2690 ami·

61 2730 142 2797 citia
158 2739 192 2794 et
203 2722 229 2820 ¹)
247 2723 430 2794 sententiis
444 2724 652 2794 solebamus.
692 2719 796 2792 Nunc
811 2747 921 2816 quum
936 2724 1054 2792 minus

61 2827 120 2899 bic
133 2829 179 2897 sit
193 2827 429 2909 tumultuum,
462 2824 642 2895 silentium
659 2837 760 2894 tuum
775 2825 898 2898 miror.
913 2841 916 2847 '
949 2822 1054 2895 Meus

61 2943 152 3001 certe
166 2927 306 2996 animus
319 2924 414 2994 idem
429 2940 497 3010 est,
522 2925 585 3017 qui
601 2925 669 2996 suit
683 2939 803 3010 antea;
828 2948 902 2995 non
922 2924 1053 2993 doctri-

61 3053 163 3111 nam,
184 3050 257 3095 non
271 3023 462 3098 amicitiam
477 3025 630 3108 mutavi,
650 3049 716 3095 nec
731 3027 885 3098 mutabo.
912 3023 1053 3113 Quaeso

61 3131 188 3219 igitur,
212 3139 253 3195 ut
273 3121 363 3194 mihi
376 3126 519 3195 scribas.
569 3123 677 3194 Mitto
693 3126 761 3193 tibi
776 3126 903 3194 miram
918 3129 964 3194 de
978 3119 1054 3194 Po-

61 3229 98 3299 lo
114 3228 144 3323 ²)
165 3223 369 3310 historiam,
408 3227 491 3318 qui,
522 3238 563 3295 ut
585 3220 783 3309 Iulianus,
815 3227 959 3296 abiectis
980 3241 1055 3297 stu-

61 3331 149 3412 diis,
173 3329 216 3397 sd
236 3350 382 3416 regnum
399 3328 564 3417 adspirat.
616 3323 756 3413 Quaeso
773 3328 934 3398 rescribe.
976 3325 1053 3416 Ego

60 3428 265 3500 dialecticen
280 3427 442 3513 mendo,
482 3449 590 3518 quum
622 3425 687 3495 tibi
713 3426 922 3517 placituram
941 3450 1054 3518 spero.

61 3529 103 3604 B.
121 3529 161 3604 V.
178 3528 264 3603 (1.5.
281 3527 422 3619 Septbr.
440 3523 551 3599 1547.

863 3620 929 3702 Pb.
950 3624 1004 3707 M,

73 3958 139 4030 u..
156 3932 269 4031 4010.

72 4058 281 4089 Μ

323 4117 508 4233 Georgia
536 4116 794 4202 Anbaltinm

132 4281 216 4353 Epist.
230 4277 276 4336 lib.
288 4280 324 4335 ll.
341 4301 368 4352 p.
381 4282 440 4337 204.
461 4281 535 4351 (edit.
549 4281 634 4340 lond.
646 4279 695 4335 lib.
710 4280 744 4337 ll.
763 4299 807 4353 cp.
822 4280 901 4350 196.).

883 3960 1053 4079 Q

213 4436 268 4513 D.
295 4429 415 4515 Geor
421 4435 498 4528 pio
518 4430 688 4536 Principi
700 4437 740 4509 in
755 4432 900 4509 Anholt

61 4578 106 4670 S.
114 4591 158 4667 l').
186 4586 610 4680 lllustrissimePrinceps,
632 4584 721 4662 Non
738 4586 832 4661 idem
844 4586 938 4660 volet
951 4583 1053 4662 Ora-

63 4699 115 4766 tio
138 4690 234 4764 dicto
249 4716 273 4760 α
291 4684 461 4785 Principe
479 4686 574 4769 otro,
609 4697 640 4759 et
662 4689 711 4759 ab
734 4686 880 4762 domine
903 4689 1053 4783 abiecto,

141 4846 265 4863 .-u-nu

97 4935 131 5004 a)
149 4930 343 4996 arbsltlnum,
368 4925 432 4999 Epis
450 4922 774 5053 ὓἶιῐΜοιαοΙρατμιικαι.
808 4926 901 4983 Maior
919 4928 967 4985 illo
980 4939 1052 4985 tem·

132 5018 199 5072 pore
215 4995 438 5052 commorabatur
513 4992 630 5062 osburga.
743 5004 746 5009 ’

101 5090 128 5148 1)
149 5082 218 5137 Ball.
229 5099 277 5136 ex.

96 5169 129 5234 2)
147 5167 347 5237 „dioscorides
368 5162 468 5224 Ραὶνι,
491 5167 655 5240 purpuratus
672 5156 717 5236 bic
735 5155 871 5238 innuitur,
893 5161 957 5232 qni,
983 5182 1055 5236 qno.

134 5238 208 5288 niam
218 5232 301 5301 Stirpi
320 5232 409 5300 regiae
426 5231 587 5282 Eborsceusr
606 5233 769 5294 cognatione
780 5241 892 5281 tuncrus
904 5239 974 5293 erat,
1000 5251 1054 5285 nu.

131 5305 200 5375 ptiss
214 5302 341 5363 Mariae,
359 5297 473 5368 duplice
487 5292 623 5364 lleginse,
642 5290 781 5358 anastase,
799 5300 825 5345 et
859 5293 880 5346 si
893 5312 923 5349 er
939 5315 995 5352 non
1009 5318 1055 5352 re.

133 5379 269 5432 curasset,
294 5369 323 5422 in
344 5385 420 5438 spem
443 5361 520 5430 regni
542 5362 648 5415 senisse
667 5358 831 5413 discoctum*
876 5363 1057 5438 (Eudemo).

134 5440 197 5494 Vid.
213 5438 294 5490 etism
310 5453 354 5506 ep.
369 5438 401 5488 sd
416 5429 572 5486 Fabricium
587 5426 652 5484 (1.1.
666 5425 759 5498 Septb.
772 5426 798 5483 b.
812 5444 836 5480 s.

70 5519 249 5584 lirnasru.
267 5514 371 5580 Orsa.
400 5511 481 5575 Vos..
497 5505 557 5574 Vl.

1102 678 1297 753 innomine
1320 678 1361 752 C.
1386 679 1430 750 V.
1452 684 1495 752 ad
1521 704 1602 752 eum
1638 679 1778 773 scripta.
1839 679 1964 753 Talem
1995 685 2099 776 igitur

1103 782 1302 873 composui,
1332 784 1466 874 deque
1491 797 1609 853 tamen
1633 806 1698 874 pro
1721 781 1869 853 arbitrio
1892 798 2006 854 vestro
2029 805 2098 862 sta.

1103 883 1220 954 tuetis'.
1279 879 1339 952 Ad
1360 905 1478 953 meum
1509 881 1778 955 conterraneum
1801 875 2097 974 Obernburgium

1102 982 1247 1075 scripsi,
1273 995 1441 1052 ettamen
1457 982 1528 1053 scio
1544 1008 1624 1055 eum
1639 1008 1733 1055 meas
1752 987 1872 1057 literas
1887 990 1964 1059 aliis
1979 1005 2097 1062 osten-

1102 1085 1195 1157 dere.
1249 1083 1392 1157 Utinam
1406 1108 1488 1153 vere
1503 1079 1570 1154 hoc
1584 1085 1738 1156 facerent
1754 1088 1807 1156 illi
1824 1091 1953 1158 summi
1969 1095 2098 1182 gubcr-
2154 1080 2157 1083 ⁵

1102 1198 1262 1265 natores,
1297 1200 1337 1256 nt
1350 1185 1564 1256 calamitates
1589 1186 1709 1274 generi
1727 1182 1884 1259 humano
1898 1215 1960 1261 sna
1974 1198 2096 1265 mode-

1101 1286 1238 1356 ratione
1255 1285 1426 1372 lenirent,
1460 1287 1555 1380 quod
1572 1310 1652 1354 cum
1667 1285 1726 1370 fit,
1750 1289 1911 1359 divinum
1929 1306 1991 1362 est.
2040 1293 2095 1365 De

1102 1381 1312 1456 Academiae
1340 1400 1482 1457 nostrae
1516 1387 1772 1458 instauratione
1803 1391 1877 1481 spei
1910 1388 2004 1463 nihil
2033 1412 2094 1484 est,

1102 1487 1172 1556 nisi
1194 1510 1256 1556 sua
1270 1486 1485 1577 ,liberatore
1508 1486 1589 1558 Dux
1612 1484 1755 1559 Elector
1781 1492 1950 1565 attribuet
1981 1521 2093 1569 novos

986 1613 989 1617 ’
1103 1588 1247 1660 reditus.
1295 1585 1444 1662 Prodest
1455 1583 1622 1659 Ecclesiis
1642 1605 1676 1662 et
1688 1591 1832 1679 studiis,
1856 1597 1988 1666 servari
2002 1593 2092 1672 hanc

1102 1686 1285 1759 doctrinae
1304 1690 1434 1764 sedem.
1475 1687 1519 1760 ld
1542 1702 1697 1781 optarem
1711 1690 1751 1770 C.
1769 1692 1811 1768 V.
1834 1698 1879 1766 ad
1893 1694 2093 1771 Electorem

1104 1790 1267 1864 scribere.
1306 1789 1422 1860 Velim
1441 1791 1545 1861 etiam
1562 1791 1607 1860 de
1620 1787 1651 1860 I
1648 1815 1720 1861 ona
1736 1817 1816 1862 eum
1832 1801 1944 1886 orari,
1967 1816 2008 1872 ut
2024 1802 2094 1871 cle-

1104 1894 1472 1981 menterrespondeat,
1495 1916 1531 1961 se
1545 1892 1721 1963 remittere
1730 1895 1971 1968 offensionem.
1997 1898 2094 1972 Bene

1104 1992 1217 2061 valeat
1236 1988 1418 2064 Celsitudo
1440 1990 1582 2077 Vestra,
1613 1992 1648 2067 5.
1663 1992 1841 2086 Septemb.
1894 1995 1974 2068 Edo
1998 2025 2094 2075 nunc

1102 2087 1338 2178 Dialecticen,
1378 2118 1483 2187 quam
1504 2095 1607 2165 valde
1629 2096 1849 2187 profuturam
1882 2087 2094 2175 discentibus

1104 2214 1217 2283 spero.

1109 2424 2093 2458 ΜἫ

1103 2569 1171 2645 Νο.
1188 2570 1300 2646 4011.

1115 2665 1286 2698 ..W
1917 2592 2091 2719 Q

1315 2809 1318 2815 -
1422 2753 1521 2865 θρα.
1550 2754 1785 2845 Pannonio.

1171 2908 1533 2985 ummupma

1280 3056 1630 3166 Christoplroro
1659 3064 1919 3152 Pannonio.

1104 3196 1149 3287 S.
1170 3210 1213 3283 D.
1263 3210 1477 3286 Charissime
1496 3211 1761 3312 Christophore.
1812 3222 1940 3294 Malim
1962 3230 2005 3297 de
2029 3257 2094 3305 no.

1105 3317 1185 3387 stris
1210 3317 1336 3385 studiis
1367 3316 1412 3386 ad
1437 3331 1470 3387 te
1502 3319 1671 3400 scribere,
1712 3346 1817 3414 quam
1842 3328 1886 3395 de
1907 3324 2094 3406 Conventa

1104 3413 1343 3509 Angustono,
1375 3419 1433 3486 sed
1456 3420 1622 3512 quoniam
1640 3421 1745 3512 petis,
1779 3438 1819 3494 ut
1837 3429 1880 3493 dr.
1904 3451 1945 3495 eo
1959 3433 2092 3525 aliquid

1105 3516 1313 3608 significem,
1339 3520 1444 3602 scito,
1470 3521 1576 3587 finem
1600 3545 1673 3589 esse
1695 3525 1988 3599 deliberationum
2012 3534 2094 3629 περὶ

1105 3611 1269 3691 συνόδου
1290 3621 1355 3709 τῆς
1372 3618 1411 3690 ἐν
1433 3616 1589 3713 τριαίνῃ.
1641 3621 1729 3692 Nam
1745 3623 1927 3716 Principes
1945 3643 1980 3700 et
1995 3638 2094 3704 ordi·

1103 3742 1167 3790 nes
1187 3720 1428 3813 assentiuntur
1448 3744 1570 3790 omncs
1590 3727 1645 3814 τῷ
1666 3722 1931 3823 αὐτοκράτορι,
1962 3733 2093 3810 dicenti

1105 3821 1196 3891 illud
1220 3818 1467 3904 Homericum,
1498 3818 1578 3914 ἐμοὶ
1602 3818 1643 3892 δὲ
1664 3821 1727 3893 καὶ
1742 3820 1867 3896 codro
1886 3828 2091 3923 μελήσεται,

1104 3918 1205 4017 ὄφρα
1228 3914 1383 3994 τελεύτα.
1435 3920 1536 3990 Misit
1556 3923 1663 4007 igitur
1687 3920 1928 4025 αὐτοκράτωρ
1950 3937 1994 4003 ad
2015 3935 2093 4008 Ro·

1104 4047 1250 4116 manum
1271 4021 1476 4090 Pontificem
1499 4020 1689 4109 Legatum,
1725 4023 1971 4116 Cardinalem,
2002 4032 2093 4128 Epi.

950 4148 977 4215 ᾗ
1104 4146 1246 4212 scopum
1262 4116 1571 4213 Augustanum'),
1596 4126 1733 4208 nescio,
1755 4152 1859 4216 quam
1879 4137 2092 4207 sententiam

1104 4223 1342 4311 expositurum
1366 4219 1546 4303 Pontifici,
1580 4225 1736 4294 fortassis
1756 4239 1797 4296 ut
1816 4231 2005 4304 audiantur
2025 4261 2091 4308 no-

1103 4324 1178 4395 stri.
1238 4321 1308 4393 Srd
1330 4317 1415 4390 baec
1437 4322 1512 4412 ipsa
1532 4323 1678 4395 consilia
1712 4328 1816 4397 bellis
1837 4329 2029 4406 Helveticis
2057 4355 2089 4411 et

1103 4422 1286 4495 Saxonicis
1317 4422 1571 4513 impedientur,
1615 4439 1656 4495 ut
1688 4429 1793 4497 multi
1825 4433 2092 4525 ratiocinantur,

1102 4528 1167 4616 τῆς
1187 4518 1351 4615 τριαίνης
1374 4524 1518 4593 nominc
1539 4550 1700 4612 moveor,
1732 4553 1822 4621 qnae
1837 4528 2030 4607 Ecclesiam
2051 4541 2090 4610 in

1102 4637 1172 4694 tres
1189 4638 1297 4693 sectas
1312 4625 1510 4695 distractam
1531 4641 1678 4697 conatur
1693 4629 1731 4696 in
1752 4635 1976 4704 concordiam
1995 4642 2090 4710 redi-

1102 4747 1193 4814 gere.
1242 4724 1310 4794 Sed
1329 4725 1366 4792 iu
1383 4720 1592 4819 Apocalypsi
1608 4729 1776 4818 scriptum
1792 4745 1854 4818 est,
1876 4732 1945 4828 τὴν
1959 4739 2091 4835 Βαβυ-

1008 4828 1012 4835 “
1103 4819 1203 4896 laissa
1219 4840 1377 4894 ruentem
1394 4825 1432 4892 in
1449 4841 1517 4895 tres
1533 4841 1647 4917 partes
1662 4830 1795 4917 dividi,
1819 4859 1887 4926 qna
1905 4840 1949 4905 de
1962 4864 1999 4909 re
2014 4865 2090 4911 sae-

1104 4950 1147 5019 pe
1161 4940 1241 4995 ante
1263 4927 1392 4997 multos
1409 4949 1520 4994 annos
1543 4930 1703 5017 cogitavi.
1754 4931 1824 5003 Sed
1844 4934 1937 5007 inter
1956 4935 2018 5009 bas
2032 4945 2090 5013 di-

1104 5025 1331 5096 lacerationes
1353 5040 1392 5095 ut
1407 5025 1501 5096 Dens
1516 5046 1629 5099 servet
1648 5030 1785 5122 aliquas
1798 5059 1898 5104 verae
1916 5034 2091 5115 Ecclesiae

1104 5127 1282 5220 reliquias,
1307 5140 1340 5197 et
1354 5121 1500 5199 honesta
1516 5153 1555 5198 ac
1570 5133 1760 5225 tranquilla
1774 5136 1899 5205 studiis
1912 5140 2093 5217 doctrinae

1108 5293 1321 5305 m·—

1143 5374 1173 5446 *)
1191 5373 1283 5429 Serius
1295 5375 1367 5428 misit
1379 5393 1435 5428 non
1448 5375 1532 5445 episc.
1540 5376 1581 5428 llo
1601 5387 1744 5448 nstsnnm,
1760 5378 1807 5435 scd
1819 5379 1901 5449 episc.
1908 5380 2097 5443 Tridentinntn

1180 5441 1368 5504 Csrdinrlcm.
1386 5443 1580 5511 Mrdrucci,s
1612 5444 1724 5517 Papam.
1749 5474 1754 5485 ·

1343 5511 1394 5585 43
