4748 6022
165 192 338 319 111Ἰ

171 441 234 486 seu
262 415 477 485 turbulentis
508 435 570 481 seu
596 410 799 502 tranquillis
824 413 1060 510 temporibus,
1093 411 1160 480 110·-

172 519 285 588 ctrina
312 539 402 606 opus
421 527 490 592 est,
517 525 552 581 et
565 513 747 605 aliquanto
764 528 842 605 post
856 538 1070 599 emersuram
1087 535 1160 582 esse

173 645 215 688 ex
229 620 273 686 iis
286 618 407 700 bellis,
433 615 491 706 qui
498 616 562 683 bns
576 638 672 684 nunc
688 616 908 700 concutitur,
933 640 1009 685 non
1024 615 1160 687 dubito.

173 719 270 788 Haec
294 742 376 785 cum
399 716 593 786 existimem
618 739 681 785 vos
702 741 843 809 quoque
875 719 1046 807 cogitare,
1085 739 1161 785 non

172 820 381 911 deponenda
397 833 449 888 est
463 843 544 887 cura
561 818 613 886 rei
630 819 816 891 literariae.
867 815 957 888 Cum
974 821 1085 909 igitur
1099 843 1162 888 au·

171 922 296 990 111Ιί011
314 944 333 990 a
350 921 450 989 vobis
474 934 641 1008 cognatus
658 934 772 989 vester
787 908 1080 1015 Christopliorus
1100 944 1162 1013 pe-

173 1037 241 1099 tat,
271 1047 484 1112 magnopere
506 1044 568 1090 vos
591 1045 672 1106 oro,
698 1035 739 1090 ut
751 1046 831 1090 eum
845 1023 1029 1094 adiuvetis.
1080 1021 1163 1092 Ma-

172 1149 239 1215 gna
257 1125 350 1193 enim
366 1148 443 1214 spes
460 1138 529 1207 cst,
554 1123 583 1190 si
598 1123 705 1192 fuerit
719 1124 879 1207 adiutus,
903 1121 1081 1194 Ecclesiae
1096 1121 1163 1192 Dei

172 1227 308 1297 utiliter
324 1226 538 1294 serviturum
557 1247 639 1297 esse.
679 1222 806 1293 Multis
824 1225 919 1294 enim
937 1240 1083 1296 naturae
1097 1227 1163 1295 do—

172 1329 268 1399 tibus
289 1340 434 1395 ornatus
459 1338 525 1408 est,
569 1348 658 1418 quae
686 1326 724 1391 in
748 1322 993 1397 Ecclesiastico
1019 1330 1162 1397 doctore

172 1430 423 1521 requiruntur,
461 1428 647 1512 facundia,
683 1428 875 1512 modestia,
910 1452 1039 1499 canora
1063 1453 1161 1499 voce.

172 1527 228 1600 Ad
247 1526 310 1598 has
328 1528 461 1598 accedit
477 1530 640 1598 voluntas
659 1542 693 1597 et
708 1527 868 1599 inductio
883 1531 1004 1614 animi,
1029 1545 1072 1600 ut
1086 1553 1163 1598 ma-

171 1633 263 1700 xime
279 1631 397 1720 cupiat
412 1628 487 1698 Deo
505 1630 542 1697 in
559 1631 716 1698 docenda
735 1632 879 1701 coelesti
903 1632 1062 1702 doctrina
1087 1655 1161 1699 ser-

170 1735 257 1805 vire.
308 1730 417 1802 Recte
433 1733 527 1800 enim
544 1732 698 1814 iudicat,
723 1726 791 1800 hoc
811 1733 966 1802 officium
982 1731 1058 1802 Deo
1082 1755 1162 1822 gra-

169 1835 346 1905 tissimum
362 1855 445 1912 esse,
464 1845 498 1900 et
513 1833 606 1901 inter
619 1827 774 1900 humana
788 1834 908 1902 omnia
924 1834 1161 1926 praecipuum.

169 1932 228 2005 Ad
252 1930 320 2003 boc
345 1934 452 2021 igitur
472 1957 604 2001 munus
624 1934 850 2003 mediocriter
873 1957 909 2003 se
930 1934 1160 2026 praeparavit.

168 2034 304 2105 Didicit
318 2048 408 2103 artes
421 2034 526 2102 utiles
541 2037 583 2101 ad
602 2035 848 2103 illustrandam
866 2037 1065 2106 doctrinam
1082 2060 1162 2106 coe-

171 2139 310 2221 lestem3
339 2138 397 2204 sed
415 2158 541 2224 magna
558 2136 706 2205 omnino
723 2160 779 2205 res
798 2152 849 2207 est
872 2139 1059 2231 complecti
1083 2139 1160 2207 ani-

168 2263 228 2307 mo
253 2239 372 2306 omnia
395 2233 572 2305 Ecclesiae
596 2252 772 2327 tempora,
805 2261 1014 2326 cognoscere
1041 2240 1160 2310 omnia

169 2340 350 2409 doctrinae
366 2339 569 2421 certamina,
595 2339 803 2407 confirmare
819 2340 991 2411 iudicium
1010 2344 1054 2411 de
1067 2343 1161 2410 veris

169 2441 363 2510 sententiis.
418 2436 500 2506 ldeo
518 2439 649 2506 versari
669 2440 804 2508 diutius
832 2440 870 2507 in
893 2443 1019 2512 studiis
1040 2443 1160 2512 litera-

167 2565 265 2619 rum,
292 2540 416 2607 audire
430 2540 572 2626 doctos,
597 2552 631 2608 et
647 2540 808 2608 conferre
822 2543 983 2611 omnium
1006 2557 1159 2614 aetatum

169 2641 357 2711 sententias
372 2639 487 2729 cupit,
510 2654 550 2710 ut
564 2642 609 2709 ad
623 2664 754 2711 munus
769 2642 1018 2730 difficillimum
1034 2647 1160 2716 melius

167 2745 358 2813 instructus
376 2744 526 2810 accedat.
576 2739 683 2813 Hunc
705 2743 811 2812 talem
830 2746 988 2815 animum
1009 2748 1160 2837 probare

167 2869 233 2914 nos
257 2846 370 2948 decet,
397 2856 430 2912 ct
452 2857 596 2935 propter
618 2845 798 2936 publicam
820 2841 997 2916 Ecclesiae
1023 2848 1158 2918 utilita-

167 2961 258 3031 tem,
283 2958 318 3015 et
333 2946 415 3038 quia
431 2945 544 3014 virtus
559 2938 825 3042 Christophori
838 2962 995 3018 meretur
1008 2949 1160 3019 laudem.

168 3048 289 3137 Quare
306 3047 490 3116 vos'etiam
509 3061 614 3139 atque
631 3049 735 3118 ctiam
756 3071 863 3137 rogo,
890 3064 940 3135 ut,
967 3076 1046 3121 cum
1062 3065 1159 3123 tauta

169 3174 248 3242 spes
264 3150 309 3218 sit
325 3150 400 3217 fore
417 3162 454 3217 ut
476 3143 544 3217 boe
566 3162 722 3219 vestrum
746 3150 957 3220 beneficium
982 3155 1159 3244 praeclare

168 3252 378 3332 collocetur,
426 3264 587 3340 sumptus
619 3254 819 3321 studiorum
852 3254 885 3320 ei
917 3256 1159 3344 suppeditetis.

132 3374 137 3382 ·
167 3352 240 3422 Nec
263 3352 508 3419 deterreamini
532 3354 763 3442 temporibus.
827 3351 945 3423 Etiam
975 3357 1012 3423 in
1033 3357 1159 3424 mediis

167 3453 272 3522 bellis
294 3475 432 3520 necesse
457 3453 693 3546 est-invocari
718 3480 849 3523 nomen
866 3457 929 3523 lilii
945 3455 1024 3530 Dei.
1076 3456 1158 3527 Non

84 3611 88 3616 ,
168 3556 277 3640 igitur
290 3577 385 3621 nunc
403 3554 612 3643 deponenda
630 3568 713 3624 sunt
727 3558 861 3640 studia,
885 3557 975 3626 sicut
992 3556 1159 3627 letemias

168 3658 207 3723 in
226 3657 313 3723 urbe
335 3656 448 3722 cincta
470 3654 656 3725 obsidione
677 3672 793 3727 tamen
817 3659 990 3727 scribebet
1017 3661 1158 3730 concio-

167 3781 229 3826 nes
246 3778 325 3825 suas
341 3756 543 3845 profuturas
558 3756 647 3846 piis,
674 3760 734 3851 qui
754 3772 838 3827 tunc
854 3761 1021 3846 aderant,
1046 3775 1080 3831 et
1094 3788 1159 3854 po-

168 3859 278 3929 steris.
330 3857 441 3948 Spero
459 3857 562 3925 etiam
581 3855 698 3928 Deum
715 3861 817 3929 citius
832 3862 1063 3951 depulsurum
1087 3888 1159 3933 esse

168 3961 317 4030 ancica
340 3959 451 4042 mala,
483 3960 514 4026 si
538 3982 603 4028 nos
629 3963 673 4030 ad
696 3962 810 4052 ipsum
834 3965 1093 4054 confugiemus,
1126 3980 1159 4034 et

168 4062 282 4132 studia
327 4061 488 4130 coelestis
528 4063 708 4132 doctrinae
748 4065 953 4157 diligentius
993 4069 1159 4138 tractabi-

52 4174 55 4181 ’
167 4187 246 4232 mus
259 4155 313 4257 *).'
360 4161 459 4234 Vale.

196 4411 507 4508 (Melanthea
544 4414 663 4487 belli
688 4406 958 4493 Germanici
990 4447 1131 4518 causa

561 4517 760 4608 exulat.)

758 4786 832 4854 18.
847 4784 927 4849 Nor.
955 4784 1158 4866 (Desseria'e.)

168 4779 234 4849 No.
249 4775 361 4872 5614.

400 5070 403 5078 .
451 5012 454 5017 ‚
537 4963 787 5056 Consilium.

237 5137 350 5193 Editum
370 5160 384 5193 a
405 5106 513 5197 Peaelio
536 5143 566 5198 in
588 5144 654 5198 Mel.
677 5143 781 5202 Cnosii.
800 5108 852 5201 lati
869 5149 901 5206 P.
917 5150 937 5203 1.
957 5151 1102 5224 [1659111.
1122 5157 1156 5193 ·'-

268 5209 433 5281 Apograplra
451 5212 478 5264 in
501 5213 562 5268 cod.
584 5213 722 5271 6011119.
743 5235 768 5287 p.
785 5217 843 5286 95,
866 5219 893 5272 in
914 5221 977 5274 cod.
993 5219 1075 5276 Goth.
1095 5220 1154 5279 191.

167 5338 374 5351 ——n-——n-

201 5404 233 5469 *)
253 5404 323 5461 eod.
338 5407 418 5464 Mon.
430 5409 474 5468 90.
490 5413 668 5490 curabimus,
684 5421 711 5466 et
723 5430 779 5467 non
792 5413 871 5469 babet
884 5415 966 5472 Vale.
979 5428 982 5433 '

759 235 1191 316 llPlSTOLARUM
1240 236 1345 316 LlB.
1372 236 1418 312 X.
1471 234 1600 315 1646.

2127 241 2208 315 280

1333 404 1413 462 .6b.
1437 410 1526 477 (quae
1543 403 1696 475 apographa
1724 423 1835 474 prorsus
1860 411 2052 478 congruunt),
2083 407 2114 462 in
2140 410 2205 467 cod.

1312 424 1410 529 110110.
1430 475 1465 530 ll.
1505 475 1586 531 .122.
1606 485 1633 527 et
1654 475 1681 527 in
1696 473 1758 538 cod.
1771 473 1889 530 Servest.
1907 494 1934 546 p.
1950 476 2007 532 158.
2027 506 2062 517 -
2099 478 2207 535 luseri-

1312 543 1371 614 ptio
1391 543 1462 616 apud
1478 495 1613 597 9111Ιί11111
1632 554 1686 595 este
1708 546 1780 613 „Aa
1800 556 1827 595 et
1864 550 1984 607 uomodo
1997 565 2052 609 pro
2064 550 2206 601 aduerso-

1313 616 1362 666 riis
1380 615 1522 665 orandum
1541 614 1597 665 sit?
1619 616 1707 665 Anno
1730 612 1804 666 1⁵46.
1824 563 1867 667 11.
1879 617 1924 666 dic
1936 615 2072 670 Novemb.
2092 616 2173 670 fflii

1307 699 1363 749 pus
1376 682 1538 734 Meiantbon
1552 683 1620 733 hoco
1633 681 1746 746 ,scribsit
1761 682 1947 738 Dessouiae.’'
1966 683 2013 736 sic
2027 685 2108 739 etiam
2120 704 2155 743 eo
2176 686 2207 745 d,

1314 749 1451 813 Gotbani,
1472 750 1516 818 qui
1532 769 1596 802 vero
1611 750 1698 808 diem,
1718 768 1820 802 annum
1836 763 1861 804 et
1874 751 1964 804 locum
1979 772 2034 806 non
2050 753 2207 810 babent.—

1311 821 1381 873 cod.
1395 818 1510 873 Servest.
1522 818 1618 871 habet:
1638 823 1778 886 quomodo
1789 837 1844 886 pro
1858 823 1924 873 oiir's
1934 830 1962 873 et
1971 840 2025 886 pro
2039 841 2070 876 se
2079 841 2207 891 precan-

1313 894 1381 942 dum
1403 889 1451 944 sit.
1475 915 1509 929 -
1545 886 1669 940 Peaelius
1687 899 1877 958 argumentum
1900 891 2051 945 accuratius
2071 893 2206 956 indicavit

1312 977 1367 1012 sac:

1212 1112 1273 1185 De
1288 1114 1509 1212 quaestione,
1524 1135 1619 1212 quae
1634 1123 1789 1209 tempore
1805 1111 1898 1183 belii
1907 1119 2114 1209 germanici
2121 1121 2207 1219 suit

1560 1211 1859 1297 ἕπιπωλάξουσα·

1213 1314 1271 1387 An
1289 1319 1327 1387 in
1331 1317 1515 1490 (precibus
1532 1314 1722 1387 Ecclesiae
1742 1315 1902 1413 publicis
1921 1317 2106 1418 facienda
2130 1345 2206 1396 essa

1294 1420 1332 1490 ai
1358 1431 1463 1492 catur
1478 1418 1613 1490 mentio
1629 1411 1765 1491 Caroli
1784 1417 1832 1496 V.
1850 1417 2122 1518 Imperatoris?

1209 1554 1355 1640 Verum
1379 1586 1430 1641 est
1452 1571 1542 1640 illud
1567 1561 1754 1662 antiquum
1778 1569 1938 1660 ‘dictums
1954 1561 2207 1644 Precationem

1211 1695 1301 1768 opus
1319 1696 1393 1742 esso
1408 1665 1691 1771 difficillimum.
1742 1668 1790 1741 Et
1806 1673 1938 1740 multae
1954 1689 2037 1744 sunt
2051 1698 2206 1762 caussae,

1211 1775 1295 1866 quia
1310 1776 1421 1845 multa
1436 1772 1544 1843 simul
1557 1773 1742 1862 cogitanda
1759 1786 1856 1842 sunt:
1884 1770 2001 1862 Quem
2014 1774 2131 1846 Deum
2146 1778 2208 1846 in-

1213 1899 1333 1958 voces,
1361 1901 1426 1962 an,
1452 1889 1485 1945 et
1512 1900 1575 1944 cur
1597 1897 1663 1942 nos
1688 1874 1862 1947 exaudiat.
1929 1873 2025 1947 Haec
2050 1877 2206 1949 intentio

1212 1990 1262 2047 est
1276 1978 1388 2047 labor.
1437 1975 1578 2047 Deinde
1594 1977 1679 2045 fides
1694 1991 1746 2046 est
1762 1976 1864 2044 labor
1885 1978 2014 2061 maior,
2037 1981 2202 2049 accedere

1211 2080 1254 2149 ad
1270 2075 1397 2163 Deum,
1423 2103 1502 2148 curn
1519 2101 1585 2148 nos
1602 2080 1780 2148 deterrent
1794 2092 1945 2168 peccata,
1970 2094 2004 2148 et
2019 2078 2203 2172 expectare

1211 2181 1402 2260 auxilium,
1432 2206 1512 2250 cum
1533 2180 1759 2251 destituimur
1783 2179 1983 2250 visibilibus
2006 2183 2205 2272 praesidiis.

1211 2276 1357 2351 Accedit
1372 2297 1406 2352 et
1420 2281 1654 2352 consideratio
1671 2296 1810 2352 nostrae
1831 2282 2044 2352 necessitatis
2060 2296 2095 2353 et
2115 2284 2205 2355 alie-

1210 2408 1287 2456 nae.
1348 2381 1391 2451 ln
1413 2397 1546 2453 tantam
1570 2382 1773 2454 varietatem
1798 2383 2016 2454 obiectorum
2044 2386 2203 2456 animum

1210 2484 1411 2554 intendere:
1438 2498 1473 2554 et
1489 2485 1594 2555 simul
1620 2484 1719 2575 angi,
1747 2500 1781 2556 et
1801 2485 1913 2554 lenire
1938 2484 2096 2556 dolorem
2122 2489 2205 2573 fide,

1209 2581 1435 2656 haecomnia
1467 2585 1624 2656 diflicilia
1655 2609 1747 2671 esse,
1787 2587 1942 2657 ostendit
1974 2589 2203 2679 experientia.

1209 2686 1280 2758 Sed
1297 2713 1378 2758 cum
1394 2689 1534 2757 invocat
1547 2688 1627 2780 pius
1641 2688 1680 2757 in
1699 2689 1819 2783 aliquo
1841 2713 1923 2759 vero
1946 2690 2087 2776 dolore,
2112 2686 2204 2760 baec

1209 2788 1329 2859 omnia
1347 2804 1576 2875 concurrunt,
1596 2804 1630 2860 et
1645 2791 1726 2863 talis
1737 2791 1850 2860 oratio
1867 2803 1919 2862 est
1933 2792 2063 2865 01111111.
2089 2791 2204 2862 Multi

1209 2906 1325 2961 autem
1340 2905 1531 2984 quaerunt:

1310 2992 1501 3082 Quomodo
1526 3018 1591 3085 pro
1614 2992 1694 3063 aliis
1716 2993 1762 3063 sit
1785 2995 2006 3066 orandum?„
2022 2995 2084 3088 qui
2108 3019 2205 3064 non-

1208 3096 1293 3163 dum
1311 3095 1529 3182 cogitarunt,
1555 3097 1736 3188 quomodo
1753 3120 1817 3187 pro
1835 3096 1958 3186 seipsis
1974 3096 2101 3166 orent?
2150 3095 2203 3168 Et

1208 3197 1271 3288 qui
1289 3198 1332 3265 de
1346 3196 1470 3286 seipsis
1491 3221 1566 3266 non
1585 3210 1781 3286 anguntur,
1807 3199 1920 3267 multo
1942 3199 2054 3267 levius
2075 3213 2204 3271 curant

1208 3298 1361 3367 aliorum
1383 3299 1544 3372 salutem.
1596 3296 1717 3386 Quare
1737 3300 1880 3390 prodest
1903 3301 1941 3367 in
1968 3301 2213 3381 concionibus.

1209 3401 1379 3490 populum
1404 3401 1447 3468 de
1472 3401 1536 3471 tali
1558 3401 1647 3468 seria
1671 3401 1910 3482 invocatione,
1942 3413 1975 3469 et
1998 3402 2205 3470 considera-

1208 3501 1305 3570 tione
1320 3501 1534 3571 necessitatis
1552 3514 1692 3570 nostrae
1714 3500 1902 3586 diligenter
1921 3502 2205 3569 commoneface-

1209 3627 1256 3674 re.
1309 3598 1400 3672 Oret
1415 3604 1521 3691 igitur
1536 3597 1750 3689 iprimum”
1765 3599 1913 3688 quisque
1929 3622 1992 3688 pro
2010 3621 2096 3682 sese,
2113 3602 2202 3691 quia

1208 3701 1420 3795 †primum''
1434 3712 1573 3790 oportet
1587 3699 1743 3787 singulos
1759 3697 1913 3788 sibiipsis
1934 3711 2049 3789 petere
2072 3701 2204 3769 remis-

1208 3806 1344 3875 sionem
1364 3815 1605 3892 peccatorum,
1637 3813 1758 3893 postea
1780 3795 1959 3880 111111111”
1980 3824 2045 3890 pro
2065 3799 2204 3875 ,Eccle-

1208 3908 1258 3975 sia
1275 3919 1308 3975 et
1320 3903 1454 4005 politia.

1310 4019 1382 4090 lam
1397 4015 1458 4088 hic
1474 4031 1629 4112 quantus
1646 4018 1749 4087 labor
1770 4031 1822 4087 est
1847 4019 1998 4108 cogitare
2026 4019 2071 4086 de
2094 4017 2203 4088 mise·
2251 4085 2258 4091 .

1208 4125 1270 4194 riis
1291 4121 1490 4206 Ecclesiae,
1530 4135 1564 4191 et
1593 4134 1711 4213 petere
1735 4133 1775 4190 ut
1795 4117 1890 4189 Deus
1912 4133 2008 4209 regat
2028 4117 2204 4197 Doctores

1207 4224 1404 4309 Ecclesiae,
1430 4225 1596 4295 defendat
1613 4222 1748 4307 studia,
1763 4222 1870 4291 'tollat
1893 4221 2058 4301 dissidia,
2084 4222 2203 4314 repri.

1207 4342 1282 4399 mat
1299 4328 1473 4419 sapientes
1488 4324 1701 4416 Epicureos,
1728 4335 1761 4392 et
1776 4317 1995 4415 hypocritas,
2021 4335 2056 4392 et
2075 4336 2203 4403 contra

1207 4425 1371 4501 hos-edat
1387 4427 1587 4500 testimonia
1604 4426 1643 4493 iu
1657 4425 1821 4494 iuvandis
1840 4424 1923 4514 piis.
1974 4423 2100 4493 Postea
2122 4448 2203 4494 sna-

1206 4553 1299 4622 gnus
1314 4546 1365 4602 est
1380 4532 1484 4601 etiam
1503 4528 1605 4597 labor
1615 4522 1661 4615 ¹),
1684 4525 1838 4613 cogitare
1854 4529 1897 4595 de
1914 4525 2063 4595 miseriis
2078 4524 2120 4592 in
2133 4549 2203 4614 po-

1050 4580 1055 4616 :
1127 4679 1131 4687 -
1206 4629 1597 4727 litieagubernatione,
1628 4628 1671 4694 dc
1692 4626 1815 4710 bellis,
1836 4628 1881 4695 de
1899 4626 2104 4717 Principum
2125 4626 2203 4717 dis-s

1207 4734 1358 4817 cordiis,
1380 4733 1423 4799 de
1438 4742 1585 4818 egestate
1600 4728 1741 4818 propria
1759 4743 1793 4798 et
1807 4729 1932 4800 aliena.

1306 4824 1403 4916 luter
1430 4840 1495 4914 lras
1517 4844 1745 4934 cogitationes
1767 4842 1872 4912 etiam
1895 4854 2065 4935 personae
2087 4854 2121 4911 et
2143 4865 2202 4911 res

924 4987 929 5004 ν
982 5010 988 5021 .
1095 4964 1098 4969 ’
1207 4948 1458 5021 discernendae
1472 4960 1565 5017 sunt.
1616 4945 1749 5015 Paulus
1762 4968 1835 5012 non
1852 4959 1930 5015 orat
1948 4943 2202 5035 pro†potitia,

1207 5075 1280 5122 non
1295 5062 1373 5120 orat
1390 5047 1480 5140 pro”
1498 5047 1650 5122 Nerone.
1703 5045 1774 5119 Sed
1789 5042 1914 5114 Esaias
1936 5059 2014 5116 orat
2036 5045 2145 5114 simul
2160 5040 2200 5142 ²)

1205 5236 1430 5250 ——-——-·—-

1241 5333 1268 5399 1)
1287 5331 1351 5385 Pez.
1368 5349 1492 5398 magnus
1505 5333 1650 5390 iaborest.
1671 5331 1767 5385 etium.

1239 5417 1267 5487 2)
1287 5419 1375 5470 simui
1385 5417 1515 5472 omittunt
1529 5414 1610 5471 codd.
1623 5413 1708 5469 Gotb.
1722 5421 1748 5470 et
1762 5412 1823 5469 cod.
1835 5410 1929 5469 Melo.
