4734 6000
761 186 1035 266 ANNALES
1070 193 1250 273 VITAE
1284 201 1412 280 MEL.
1468 211 1597 288 1646.

298 394 395 559 Mitpit
406 392 544 557 dCordato
568 401 807 481 propositiones,
840 417 874 466 ut
895 405 931 465 de
954 407 992 466 iis
1013 410 1046 468 in
1071 415 1264 491 promotione
1288 418 1445 483 doctorum
1471 424 1650 507 disputetur.
1685 455 1736 479 -·-
1788 432 1876 498 Alter
1902 463 2057 507 consessus
2080 452 2201 513 00201111

379 502 402 556 ri
426 501 529 559 antini.

231 603 264 662 5.
299 596 479 660 lnoboantur
497 602 648 681 colloquia
664 601 875 685 theologorum
890 612 921 668 iu
938 623 1085 672 conventu
1103 610 1237 697 Rauso,
1259 624 1312 681 ubi
1327 622 1496 686 Malverrda
1512 631 1642 712 disputat
1657 636 1693 695 de
1708 632 1933 701 iustificatione.

209 701 265 767 10.
299 697 444 780 Georgius
461 698 559 762 Maior
574 706 695 783 prolixe
711 710 830 785 scribit,
859 713 931 794 quid
946 726 1047 772 actum
1061 718 1100 775 sit
1114 714 1307 785 Ratisbonae.

205 811 263 874 13.
296 801 403 863 Monet
419 801 615 865 Mat'thesium
628 819 661 865 ut
679 822 764 869 caute
780 823 877 872 mutet
891 818 966 874 ritus
982 819 1205 888 ecclesiasticos,

206 913 263 972 18.
296 903 444 966 Lutlrerrss
464 913 600 968 moritur.

255 1054 261 1067 .
295 1007 471 1071 Melanthea
486 1014 595 1090 accipit
610 1004 701 1069 Ionae
715 1014 872 1091 epistolam
886 1014 923 1074 de
936 1031 1033 1079 morte
1049 1016 1198 1102 Lutheri,
1224 1006 1349 1108 eiusque
1363 1030 1480 1091 obitum
1494 1034 1605 1097 indicat
1620 1039 1805 1104 auditoribus
1820 1047 1851 1105 iu
1869 1046 1981 1109 schola.

205 1118 263 1178 20.
295 1108 425 1174 Lutheri
438 1134 548 1193 corpus
565 1110 675 1172 Halam
691 1113 858 1174 advehitur.

205 1220 262 1278 21.
297 1213 423 1276 Senatus
445 1214 645 1289 Academiae,
679 1217 839 1296 interprete
860 1213 1075 1300 Melantbone,
1103 1224 1215 1288 indicat
1233 1228 1378 1290 funeralis

345 1313 475 1377 Lutheri
491 1336 598 1395 corpus
611 1312 815 1397 Kembergam
829 1323 921 1380 venit.

206 1421 262 1482 22·
295 1417 367 1482 Post
383 1419 538 1478 meridiem
551 1413 682 1479 Latera
696 1425 824 1481 auriae
838 1422 1012 1485 mouetur
1027 1422 1236 1511 Witehergam
1251 1442 1280 1491 et
1295 1453 1403 1515 corpus
1417 1442 1572 1519 reponitur
1586 1449 1618 1504 in
1631 1441 1764 1509 Ecclesia
1778 1455 1861 1513 arsis.
1913 1449 2088 1518 Melanthon
2107 1459 2196 1520 habet

351 1526 516 1582 orationem
532 1525 564 1580 iu
578 1516 708 1580 Lutheri
721 1522 877 1583 honorem.
2213 1517 2215 1521 ⁷

1388 1279 1396 1308 ,
1430 1239 1539 1317 quibus
1558 1235 1689 1304 Lutheri
1709 1267 1818 1328 corpus
1839 1252 2053 1330 excipiendum
2076 1258 2122 1318 sit.
2146 1293 2195 1307 -

227 1737 258 1793 l.
294 1726 497 1789 Melantbonis
516 1731 610 1788 oratio
624 1730 656 1786 in
674 1728 779 1787 l'uuere
795 1724 924 1790 Lutheri
939 1732 1090 1793 recuditur
1104 1729 1248 1817 Lipsiae,
1275 1744 1324 1799 oni
1340 1737 1415 1807 Mel.
1433 1748 1578 1826 quaedem
1595 1752 1719 1819 eddidit.

295 1829 474 1893 Consolatur
489 1827 684 1910 Myconium,
710 1835 801 1889 morti
817 1836 1018 1911 proximum„
1080 1883 1083 1889 .

227 1936 260 1994 5.
293 1930 433 2012 Princeps
455 1929 575 1991 Elector
596 1934 690 1991 literis
713 1945 870 1991 monuerat
890 1929 1135 2013 Melanthonem,
1163 1928 1365 2001 Pomerttnum
1386 1957 1415 2003 et
1431 1943 1645 2031 Crucigerum,

341 2053 427 2111 agere
445 2042 618 2112 pergerent;
644 2034 694 2091 otti
708 2031 843 2112 theologi
860 2034 1057 2113 respondent,
1084 2060 1115 2097 se
1129 2038 1188 2098 hoc
1206 2040 1284 2099 bona
1299 2043 1357 2103 fide
1371 2044 1502 2109 facturos
1515 2075 1587 2116 esse.

233 2175 240 2189 .
293 2130 363 2193 Mel.
379 2136 481 2194 scribit
495 2135 717 2214 propositiones
733 2144 835 2193 contre
851 2130 1027 2196 Malvendae
1044 2143 1219 2199 seutentiam
1236 2141 1273 2200 de
1285 2147 1505 2210 iustificatione.

1680 1969 1712 2015 ut
1736 1979 1853 2019 causam
1875 1958 2003 2021 Lutheri
2026 1977 2192 2028 constanter

223 2340 254 2399 9.
292 2335 415 2416 Accipit
430 2357 509 2397 nore
523 2337 679 2422 mandata,
706 2358 724 2427 a
738 2331 847 2399 Carolo
863 2333 986 2401 Caesare
1002 2340 1034 2398 iu
1049 2354 1199 2404 conventu
1215 2344 1291 2406 data.

197 2441 253 2498 12.
290 2437 385 2500 Mittit
399 2437 540 2519 Ziglero,
564 2438 708 2519 theologo
726 2434 827 2520 Lips,
850 2438 1014 2502 credonem
1028 2444 1096 2532 περὶ
1115 2438 1229 2532 ripeta,
1262 2447 1312 2509 sed
1328 2452 1392 2510 siue
1407 2457 1540 2535 epilogo.

290 2643 430 2726 Princeps
443 2642 564 2705 Elector
577 2645 678 2742 iubet,
703 2657 736 2703 ut
751 2647 832 2703 missi
848 2647 884 2706 ab
900 2669 936 2708 eo
953 2652 985 2707 iu
1002 2661 1183 2709 conventum
1203 2649 1327 2714 domum
1343 2656 1471 2721 redeant.

193 2755 253 2814 20.
287 2743 420 2808 Bucerus
434 2748 495 2806 abit
510 2768 549 2805 ex
565 2758 715 2806 conventu
729 2736 844 2812 Ratisb.

260 3088 263 3093 ·
284 3051 463 3116 Melanthea
476 3074 493 3113 a
506 3051 647 3134 Principe
662 3051 797 3127 Palatino
812 3068 935 3116 vocatur
951 3049 1191 3138 Heidelbergem.

286 3156 437 3218 Praefatur
451 3159 484 3216 in
502 3151 701 3236 (lentagieseri
716 3157 951 3239 disputationem
967 3158 1003 3220 de
1018 3155 1223 3223 Matrimouio.

214 3577 246 3636 7.
282 3564 438 3642 Myconius
453 3569 596 3626 moritur.
796 3638 805 3649 ἱ

214 3650 244 3739 0.
281 3669 403 3731 Tertius
417 3689 570 3729 consessus
585 3670 706 3727 concilii
723 3664 903 3728 Tridentini.

207 3886 209 3891 ⁴
236 3923 243 3938 .
280 3873 488 3949 Hermarchus,
515 3871 773 3952 Archiepiscopus
790 3870 998 3950 coloniensis,
1027 3879 1336 3937 excommunicatura
1354 3872 1445 3960 Papa.

238 4023 244 4035 .
280 3977 448 4037 Fridericns
463 3973 628 4053 Staphylus
642 3979 770 4034 mittitur
786 3978 818 4034 in
833 3973 1030 4035 Academiam
1043 3972 1323 4057 Regiomcntanam.

281 4078 353 4144 Mel.
369 4091 469 4138 narrat
483 4078 638 4137 historiam
653 4077 689 4135 de
702 4081 905 4136 internecione
919 4073 1030 4140 Diazii.

184 4191 242 4252 20.
279 4181 470 4260 Hamburgae
485 4180 651 4260 disputatur
671 4179 707 4238 de
723 4180 864 4239 descensu
879 4176 990 4240 Christi
1006 4180 1044 4240 ad
1060 4180 1184 4243 inferos.

186 4292 243 4351 80.
280 4282 351 4346 Mel.
365 4284 472 4344 indicit
488 4285 703 4342 enarrationem
721 4286 863 4362 epistolae
880 4282 915 4340 ad
930 4278 1096 4344 Romanos.

154 4389 186 4450 h.
202 4410 244 4446 m.
280 4382 430 4447 Iudicium
442 4384 656 4465 theologorum
670 4384 706 4444 de
721 4387 801 4445 bello
816 4407 883 4445 cum
900 4380 1033 4447 Caesare.

185 4592 243 4658 14.
278 4589 352 4654 Mel.
367 4591 404 4651 ad
417 4589 459 4652 V.
475 4590 690 4652 Theodorum:
720 4637 740 4666 ‚,
750 4588 935 4653 Circurni'ero
952 4591 1085 4653 assiduos
1100 4595 1245 4652 cruciatus
1260 4591 1321 4651 iam
1339 4603 1468 4674 quatuor
1478 4586 1635 4652 ‘mensibus
1651 4612 1688 4651 ex
1704 4593 1819 4650 calculo
1837 4587 1949 4654 ortos.''

277 4693 430 4773 Theologi
443 4691 574 4755 Wittab.
591 4694 771 4774 respondent
785 4692 821 4752 ad
839 4699 1062 4777 quaestionem:
1090 4716 1126 4754 an
1142 4697 1327 4777 colloquium
1346 4694 1381 4754 de
1398 4696 1543 4773 religione
1559 4698 1666 4754 iterum
1684 4693 1884 4753 inchoandum
1902 4700 1950 4759 rit.

185 4802 240 4862 19.
275 4795 413 4877 Lipsiam
428 4799 623 4877 proficiscitur
636 4796 673 4855 ad
687 4796 845 4856 nundinas.

274 4900 342 4960 Hoc
357 4913 491 4979 tempore
507 4894 633 4960 Carolus
646 4894 811 4978 Imperator
829 4901 911 4957 venit
924 4895 1131 4958 Ratisbonam.

181 5010 240 5073 25,
273 5001 432 5064 Mauritius
447 4999 523 5065 Dux
539 4996 611 5061 Sex.
627 5005 709 5060 venit
727 4998 932 5062 Retisbouam.

179 5115 237 5174 26,
272 5105 352 5164 Frid.
370 5101 535 5184 Staphylus
552 5104 777 5170 commendatur
792 5101 935 5179 eilberto,
962 5100 1044 5164 Daci
1060 5100 1161 5165 Pruss.

178 5216 237 5275 31.
270 5205 371 5267 Mittit
384 5211 515 5287 pagellas
532 5204 568 5265 de
583 5205 721 5265 confessu
737 5208 824 5264 tertio
838 5202 957 5286 Synodi
972 5203 1107 5267 Trident.

270 5309 368 5370 Habet
400 5313 523 5369 tutelam
548 5310 709 5367 liberorum
735 5304 873 5379 Lutheri,
914 5312 1000 5369 cuius
1023 5308 1131 5370 viduae
1152 5304 1294 5388 Princeps
1316 5302 1437 5368 Elector
1459 5303 1518 5364 duo
1544 5304 1639 5364 millia
1664 5321 1821 5361 aureorum
1847 5303 1934 5365 dottat
1955 5306 1991 5365 ad
2013 5309 2172 5369 eruendum

316 5412 455 5472 fundum.
