4748 6022
153 319 237 397 ω’)
752 306 1190 386 EPISTOLARUM
1240 312 1345 386 [ΑΒ.
1377 312 1424 390 Χ.
1479 311 1612 386 1647.
2136 306 2211 391 608

164 482 386 567 Venerando
408 483 505 570 viro,
531 478 732 553 eruditione
746 490 778 552 et
795 484 924 554 virtute
935 480 1155 580 praestanti,
1211 486 1306 578 qnod
1321 509 1418 556 nunc
1434 510 1574 580 quoquc
1588 482 1679 558 Cels.
1696 482 1741 558 V.
1759 485 1912 555 ethonis
1929 483 2101 555 omnibus
2119 486 2209 556 acci-

160 578 214 664 D.
235 585 451 661 Iohanni
482 579 751 681 Giganti¹),
784 579 926 655 docenti
948 578 1154 655 Ecclesiam
1210 587 1273 657 dit·
1323 586 1392 656 Sed
1410 586 1486 657 Deo
1509 601 1545 655 et
1566 587 1821 678 rempublicam
1846 599 1880 656 et
1900 611 1965 655 nos
1980 590 2209 658 commende·

320 685 401 758 Dei
419 687 458 758 in
476 681 520 761 F
515 682 702 782 roystodt,
726 686 846 756 amico
862 709 930 756 suo
942 682 990 782 ²).

158 827 253 920 Non
266 856 406 945 tantupt
419 836 448 931 ⁸)
465 836 649 934 Halcyone
666 840 762 910 dolet
776 839 904 908 amisso
921 837 1092 924 coniuge,
1117 847 1156 904 ut

160 944 348 1019 Theocriti
366 966 471 1013 versu
485 954 585 1025 utar,
613 954 785 1033 quantum
804 966 867 1030 ego
887 941 990 1010 doleo
1005 936 1156 1007 extincta

159 1050 233 1119 filia
251 1042 386 1126 Αιιηα,
411 1042 538 1115 Sabini
560 1044 724 1131 coniuge,
750 1067 839 1134 quae
863 1068 904 1112 ex
927 1036 993 1110 hac
1015 1036 1158 1107 mortali
1235 1095 1243 1111 ,

160 1152 235 1221 vita
250 1160 394 1218 evocata
409 1158 461 1215 est
475 1166 594 1212 mense
609 1141 816 1213 Februario.
867 1142 938 1213 Hic
953 1135 1044 1210 mibi
1060 1161 1157 1206 moe-
1228 1196 1237 1213 ,

160 1275 222 1322 ror
237 1251 281 1321 ad
295 1248 385 1317 alios
400 1245 533 1315 accedit
548 1245 705 1330 dolores,
731 1269 818 1337 quos
836 1244 998 1336 publicae
1013 1239 1157 1310 calami-

159 1365 249 1424 tates
270 1344 380 1433 mihi,
403 1359 443 1417 ut
465 1345 586 1416 multis
608 1345 708 1430 aliis,
734 1345 898 1418 afferunt.
949 1341 1018 1414 Sed
1040 1338 1156 1409 Deum

159 1475 313 1531 oremus,
336 1463 377 1519 ut
390 1447 526 1537 mitiget
542 1460 576 1516 et
593 1446 751 1539 publicas
768 1460 800 1515 et
819 1447 971 1538 privatas
988 1442 1157 1525 miserias,

161 1579 201 1625 ac
217 1555 322 1624 inira
338 1549 599 1618 misericordiae
613 1549 828 1633 recordetur,
854 1549 916 1641 qui
933 1569 1005 1614 non
1024 1547 1157 1612 deseret

160 1652 356 1727 Ecclesiam
387 1674 486 1721 suam
508 1662 683 1739 petentem
704 1650 749 1718 ab
776 1649 851 1740 ipso
875 1648 1033 1738 amplum
1057 1668 1158 1712 auxt-

160 1757 251 1827 lium
266 1755 359 1824 veris
372 1752 573 1842 gemitibus.

162 1950 437 2049 Schlossero‘)‚
474 1975 580 2046 φιειιι
608 1948 724 2021 isthuc
746 1952 905 2019 misimus
928 1950 1158 2031 audiendum,

159 2073 201 2130 ut
223 2071 342 2150 postea
367 2055 524 2125 statuatis
539 2055 582 2122 dc
596 2077 649 2126 co.
699 2051 868 2123 Libenter
886 2054 978 2141 apud
994 2064 1027 2119 te
1047 2050 1159 2118 servi-

160 2175 216 2232 ret
231 2156 408 2229 Ecclesiae
425 2168 576 2241 vestrae,
608 2167 644 2224 et
658 2154 749 2234 scio,
781 2151 1157 2241 tibiconsuetudinem

162 2262 237 2332 eins
259 2261 451 2329 iucundam
473 2257 559 2329 fore.
610 2253 703 2325 Nam
720 2270 754 2326 et
767 2270 893 2325 natura
907 2255 1110 2322 moderatus
1124 2264 1158 2320 et

161 2362 321 2454 placidus
344 2372 414 2438 est,
448 2357 541 2427 etin
565 2352 791 2449 philosophia
815 2369 849 2425 et
873 2357 912 2423 in
935 2356 1095 2424 doctrina
1113 2355 1157 2421 de

161 2463 237 2532 lilio
252 2459 319 2530 Dei
334 2472 427 2529 recte
443 2458 604 2527 eruditus
616 2454 645 2553 ⁸)
660 2472 721 2530 est.
773 2455 912 2545 Quaeso
927 2450 970 2545 ⁸),
996 2468 1049 2539 ut,
1077 2478 1157 2524 cum

162 2563 318 2635 audieris
334 2576 366 2631 et
382 2559 587 2651 probaveris
601 2553 629 2652 ⁷)
647 2582 745 2641 cum,
771 2559 908 2628 civibus
924 2552 953 2652 ⁸>
975 2557 1045 2627 tuis
1061 2580 1158 2625 com-

163 2665 319 2735 mendes.
358 2660 443 2730 Tibi
459 2682 600 2752 quoque
616 2683 696 2728 eum
713 2654 743 2753 9)
760 2673 920 2729 amanter
937 2659 1158 2741 commendo,

161 2780 375 2860 taqueum,
405 2774 447 2831 ut
467 2784 547 2830 eum
570 2760 812 2852 complectare.
877 2757 1089 2842 Pollicetur,
1120 2781 1157 2827 se

161 2865 389 2942 concordiam
402 2859 579 2932 Ecclesiae
602 2876 737 2931 vestrae
761 2862 860 2931 nulla
883 2862 922 2931 in
940 2885 978 2930 re
994 2861 1158 2930 turbatu-

163 2992 245 3041 rum
263 2989 346 3040 esse.
396 2961 496 3035 Bene
516 2964 595 3033 vale
613 2963 724 3039 1547.
927 2957 994 3036 Ph.
1019 2960 1105 3036 Mel.

171 3268 241 3343 No.
255 3269 370 3343 8851.

174 3365 387 3404 Μ

429 3418 614 3532 Georgia
641 3421 901 3509 Anholtino.

231 3587 255 3658 1-
281 3585 318 3638 Er
338 3602 389 3655 apo
423 3579 492 3652 rpbo
510 3580 540 3634 in
556 3583 620 3644 cod.
638 3581 757 3640 Serrcst.
782 3604 810 3656 p.
832 3587 891 3642 199.
909 3584 975 3639 mibi
993 3583 1158 3658 descriptor

262 3653 372 3710 Clarias.
406 3652 549 3704 thtrnrsr'o.

1004 3278 1062 3339 28.
1078 3269 1156 3353 Apr.

997 3363 1149 3386 nm-

164 3802 343 3905 Georgi
349 3832 388 3897 o,
414 3801 586 3907 Principi
598 3802 827 3895 Anhadino,
852 3806 1039 3909 Episcopo
1053 3808 1159 3885 Mer-

584 3908 729 4006 seburg.

163 4025 209 4116 S·
242 4040 288 4115 D.
348 4038 588 4112 illustrissime
626 4056 663 4113 et
696 4042 945 4117 Reverendiss.
979 4043 1158 4138 Princeps.

163 4143 341 4215 Describit
364 4144 458 4213 curis
480 4144 631 4233 publicis
654 4159 861 4236 occupatum
878 4145 1079 4239 Principem
1098 4175 1158 4219 ve-

166 4260 222 4317 tus
236 4261 336 4337 poeta
355 4245 536 4339 inquiens:

207 4360 384 4442 Multaque
405 4361 494 4424 dura
515 4378 574 4422 ruo
595 4361 692 4420 tristi
710 4377 784 4421 cure
805 4360 905 4422 corde
927 4360 1082 4446 putabat,

173 4468 381 4486 m

200 4527 230 4595 1)
248 4525 309 4607 ²‚lo.
328 4523 426 4595 Gigas,
450 4523 654 4591 Nortbusruus‚
677 4521 780 4578 Rector
796 4522 1068 4597 loscbimivallensis,
1096 4532 1159 4587 Ma·

233 4604 471 4648 rtanacmontanre
491 4592 624 4660 Mirniae,
647 4600 674 4645 et
696 4591 835 4645 Portenris
855 4593 1033 4655 Scbolarum.
1062 4599 1159 4654 Pastor

234 4661 562 4728 Lcutmannsdortiensis,
587 4671 647 4716 tum
662 4660 873 4715 Fraustrdieusir
889 4661 1020 4717 Polonire
1040 4677 1067 4721 et
1081 4668 1160 4725 deni-

234 4749 289 4804 que
301 4728 489 4783 Suiduicensis
501 4728 627 4804 silesiae,
644 4733 664 4797 †
678 4729 772 4786 1581’2.
790 4761 826 4777 -
860 4729 934 4787 Haec
946 4731 1074 4791 flattena.

198 4821 228 4888 2)
246 4817 333 4871 lusor.
347 4813 375 4866 in
388 4813 450 4868 cod.
466 4813 550 4882 lang.

200 4903 231 4966 8)
249 4897 319 4956 Cod.
334 4896 419 4965 Lang.
432 4897 537 4948 colunt.

199 4985 230 5052 t)
249 4981 318 5039 cod.
333 4981 420 5049 Lang.
435 4978 595 5032 semum.

200 5070 228 5137 5)
249 5065 387 5127 eruditur]
406 5059 470 5116 sod.
484 5057 567 5129 Lrng.
587 5061 742 5117 ιἰιειίιιιιιω.

198 5154 228 5224 6)
246 5149 316 5208 cod.
329 5144 412 5202 Goth.
427 5145 487 5202 191.
503 5141 689 5213 Quaesumus.

199 5238 228 5307 7)
249 5234 318 5291 cot.
330 5235 416 5301 Lang.
428 5229 577 5282 anderten
590 5237 619 5282 et
628 5232 825 5296 probaveritis.

200 5320 229 5391 8)
247 5317 315 5374 cot.
328 5313 412 5385 brug.
424 5322 452 5365 ct
464 5313 577 5395 dutbnsr
600 5312 662 5394 cod.
675 5313 832 5377 Gotb.401.
850 5330 883 5377 ut
893 5322 1015 5396 civibus,
1039 5328 1086 5385 „53
1097 5348 1163 5388 „10

254 5406 288 5442 ro
301 5402 366 5440 rum
379 5391 440 5435 rntc
452 5384 578 5434 audeam
591 5381 705 5453 legetur:
721 5402 794 5443 eum.

199 5472 218 5528 9
246 5467 421 5525 eumden·
435 5462 497 5521 cod.
510 5459 595 5536 larg.

1210 711 1299 761 mus.
1352 686 1457 759 Nunc
1478 702 1519 759 ιιι
1541 692 1586 758 ad
1603 686 1694 760 Cels.
1712 686 1755 761 V.
1779 688 1988 770 scriberem,
2015 689 2134 758 oravit
2153 714 2206 759 me

1209 789 1316 859 vidua
1331 783 1494 883 Hedwig
1508 785 1753 874 Stammerin,
1778 790 1834 858 cui
1852 789 1935 874 filii,
1960 777 2206 884 Christopho·

1210 914 1273 960 rus
1298 899 1329 959 et
1346 888 1528 971 Henricus
1544 888 1760 976 Staminari,
1787 892 1918 959 debent
1938 914 2098 961 annuam
2119 918 2205 984 pen·

1209 993 1357 1065 sionem.
1408 989 1474 1063 Est
1494 993 1601 1062 vidua
1623 1006 1658 1063 et
1675 1015 1844 1081 generum
1859 986 1966 1062 habet
1980 995 2078 1084 apud
2094 1017 2157 1064 vos
2169 987 2203 1088 *)

1209 1118 1328 1164 virum
1352 1096 1495 1165 doctum
1518 1108 1554 1165 et
1574 1088 1782 1178 honestum,
1815 1106 1849 1163 et
1874 1094 2010 1183 indiget
2032 1095 2095 1165 illa
2119 1121 2202 1188 peu·

1209 1219 1319 1265 stone.
1375 1193 1466 1266 Cum
1492 1210 1608 1267 autem
1636 1196 1703 1264 filii
1724 1195 1913 1265 difficulter
1934 1196 2094 1278 solvant,
2128 1212 2204 1268 orat

1208 1297 1358 1378 mulier,
1392 1311 1448 1382 ut,
1481 1323 1562 1368 cum
1585 1297 1656 1366 sint
1683 1296 1816 1367 subditi
1837 1293 1929 1369 Cels.
1950 1295 1992 1371 V.
2011 1299 2203 1371 auctoritas

1210 1412 1325 1468 vestra
1345 1399 1525 1489 proficiat,
1555 1411 1594 1471 ut
1610 1398 1758 1469 solvant.
1809 1392 1972 1490 Aequum
1986 1412 2019 1467 et
2032 1399 2134 1489 pium
2151 1414 2204 1470 est

1209 1501 1305 1593 qnod
1328 1500 1415 1591 petit
1434 1501 1553 1572 vidua.
1604 1497 1689 1568 ldeo
1711 1494 1804 1567 hanc
1822 1521 1961 1569 causam
1975 1496 2062 1570 Cels.
2079 1498 2123 1568 V.
2141 1526 2201 1569 rc-

1128 1644 1136 1660 ·
1208 1615 1373 1671 verenter
1385 1602 1605 1674 commendo.
1646 1597 1780 1669 Generi
1799 1600 1966 1669 ususerit
1982 1600 2020 1668 in
2033 1597 2199 1686 Ecclesia,

1210 1726 1294 1772 nam
1308 1703 1451 1790 ingenio
1466 1703 1562 1771 bono
1578 1701 1756 1793 praeditus
1773 1715 1822 1770 est
1838 1713 1872 1770 et
1886 1701 2085 1771 eruditione
2100 1726 2201 1793 prae-

261 1852 460 1947 Episwlam
490 1847 582 1920 hanc
603 1851 686 1920 dedi
709 1845 794 1919 huic
818 1847 990 1938 Magistro
1015 1842 1161 1915 Iouam·
1209 1804 1302 1921 clare
1326 1805 1518 1874 instructus
1543 1815 1578 1872 et
1601 1824 1716 1871 mores
1739 1815 1821 1871 sunt
1844 1796 1996 1875 honesti.
2056 1801 2202 1894 Propter

1211 1929 1326 1994 ipsum
1350 1904 1455 1972 etiam
1477 1904 1586 1994 magis
1609 1903 1751 1986 laboro,
1784 1915 1824 1972 ut
1845 1903 1974 1972 viduae
1997 1927 2100 1994 opem
2117 1906 2202 1975 ierat

1210 2004 1301 2077 Cels.
1318 2003 1362 2079 V.
1412 2001 1510 2074 Bene
1525 2019 1558 2075 et
1573 2004 1745 2073 foeliciter
1760 2004 1873 2073 valeat
1887 2001 1980 2079 Cels.
1990 2003 2034 2076 V.
2083 2003 2152 2075 Die
2167 2005 2201 2079 S.

1210 2105 1357 2195 Georgii
1374 2103 1482 2179 1547.
1495 2109 1533 2176 in
1546 2107 1676 2196 oppido
1692 2104 1863 2177 Servesta.

1221 2435 1288 2507 No.
1311 2434 1422 2510 5852.

1210 2534 1423 2570 Μ

2030 2445 2203 2563 Q

1570 2622 1646 2710 At.
1672 2621 1842 2708 Alesio.

1278 2761 1316 2841 Er
1335 2797 1405 2841 msto
1425 2786 1494 2841 edita
1511 2788 1539 2844 tn
1557 2790 1600 2843 bet
1612 2788 1714 2908 fottqel.
1729 2787 1894 2858 &suntuna
1909 2802 1959 2847 tto
1971 2789 2040 2844 alter
2053 2790 2106 2845 snb
2121 2806 2203 2849 neura

1309 2859 1387 2926 tbeot.
1400 2857 1520 2927 dodra,
1538 2857 1636 2926 Sobrg.
1651 2859 1664 2909 1
1682 2857 1725 2911 27.
1745 2872 1772 2924 p.
1785 2857 1845 2911 519.

1213 3016 1283 3112 Τῷ
1315 3009 1491 3109 ἀλησίῳ
1524 3005 1733 3110 φιλτάτῳ
1766 3007 1823 3081 ad
1851 3038 1988 3087 munus
2018 3019 2201 3118 proprios.

1208 3145 1256 3238 S·
1282 3160 1329 3240 D.
1380 3161 1574 3234 Incidimus
1598 3187 1678 3254 ergo
1702 3164 1740 3233 in
1762 3177 1901 3257 tempus
1920 3167 2037 3239 simile
2060 3170 2133 3256 illi,
2162 3176 2205 3244 de

1210 3292 1281 3363 quo
1305 3266 1426 3336 scribit
1445 3262 1584 3335 Esaias:
1625 3261 1756 3360 angeli
1771 3264 1877 3363 pacis
1903 3291 2034 3339 amore
2050 3270 2205 3369 flebunt.

1210 3368 1368 3442 Consilia
1389 3369 1567 3438 bonorum
1592 3379 1627 3436 et
1646 3368 1787 3458 piorum
1811 3383 1926 3459 spreta
1950 3387 2050 3458 sunt,
2075 3400 2205 3465 paran-

1210 3485 1271 3541 tur
1301 3482 1336 3539 et
1366 3492 1463 3540 arma
1490 3482 1530 3539 ut
1555 3465 1691 3562 Synodi
1718 3471 2021 3542 decretadomitis
2040 3478 2207 3562 gentibus

1210 3573 1458 3662 imponantur,
1492 3582 1532 3640 ut
1554 3570 1655 3639 multi
1680 3571 1720 3639 in
1744 3572 1825 3640 aula
1846 3563 1983 3643 Caroli
1999 3571 2086 3666 Imp.
2106 3578 2204 3647 affir-

1210 3685 1321 3744 mant.
1372 3667 1507 3740 Exorsa
1527 3683 1580 3739 est
1599 3686 1717 3741 autem
1739 3675 1896 3766 synodus
1917 3675 2017 3744 telam
2033 3677 2077 3745 ad
2093 3680 2206 3749 stabi·

1209 3776 1348 3844 liendos
1369 3794 1521 3855 errores,
1554 3786 1587 3841 et
1610 3772 1679 3841 iam
1703 3773 1814 3844 edidit
1837 3777 1927 3845 duos
1947 3776 2131 3866 articulos,
2165 3781 2205 3850 in

1211 3876 1341 3969 quibus
1357 3875 1570 3942 damnantur
1586 3898 1687 3942 verae
1703 3877 1896 3946 sententiae
1912 3872 2105 3968 Evangelii.
2139 3879 2205 3952 Sc-

1211 3989 1358 4070 quentes
1388 3974 1529 4045 articuli
1550 3975 1671 4066 quales
1693 3977 1805 4046 loturi
1830 3978 1902 4047 sint
1923 3980 2008 4050 inde
2030 3983 2208 4054 aestimari

1211 4091 1336 4170 potest.
1386 4072 1463 4165 Ego
1499 4076 1608 4166 igitur
1641 4077 1725 4147 nolo
1753 4101 1824 4147 esse
1851 4072 2049 4173 σύμμαχος
2074 4107 2207 4170 eorum,

1212 4179 1274 4274 qui
1296 4177 1430 4248 bellum
1450 4190 1597 4267 gerunt,
1629 4191 1670 4247 ut
1684 4180 1867 4249 veritatem
1885 4185 2110 4274 opprimant,
2134 4210 2208 4255 me-

1211 4305 1280 4374 que
1305 4279 1609 4350 consolationibus
1632 4279 1764 4348 divinis
1788 4295 1945 4358 sustento
1969 4296 2004 4353 et
2027 4288 2208 4372 confirmo,

1211 4405 1314 4473 saepe
1328 4377 1416 4450 mihi
1430 4381 1609 4449 inculcans
1621 4405 1742 4449 vocem
1757 4380 1910 4452 filiiDei:
1939 4408 2062 4455 omnes
2079 4384 2211 4486 capilli
2226 4384 2231 4397 ¹

1212 4479 1660 4581 capitisvestrtnumerati
1669 4490 1766 4552 sunt.
1793 4483 1989 4555 Meministi
2005 4512 2102 4559 meas
2118 4491 2208 4559 mul-

1212 4600 1266 4656 tas
1281 4583 1439 4678 querelas
1455 4584 1498 4650 de
1513 4582 1730 4670 neglectioue
1745 4587 1902 4656 veritatis
1919 4600 1952 4656 et
1967 4585 2205 4661 Ecclesiarum

1213 4688 1250 4757 in
1272 4682 1329 4755 his
1350 4682 1554 4772 regionibus
1577 4698 1722 4776 propter
1745 4712 1834 4780 qnae
1857 4688 1984 4758 delicta
2009 4693 2207 4781 plectimur.

1214 4788 1283 4861 Sed
1310 4784 1425 4856 Deum
1453 4798 1635 4857 aeternum
1664 4801 1798 4877 patrem
1828 4790 1966 4859 domini
1991 4795 2107 4864 nostri
2130 4791 2210 4864 lesu

1214 4883 1348 4959 Christi
1368 4910 1527 4972 oremus,
1552 4900 1593 4957 ut
1615 4912 1745 4978 poenas
1767 4890 1918 4978 mitiget,
1947 4905 1982 4963 et
2004 4915 2125 4964 semen
2144 4892 2210 4965 ali-

1215 4990 1309 5085 quod
1319 5002 1478 5058 sanctum
1492 4988 1594 5058 etiam
1609 4984 1712 5058 inhis
1725 4993 2064 5080 regionibusservet,
2088 5010 2211 5066 utscr·

1216 5103 1379 5161 vaturum
1395 5104 1487 5160 certe
1503 5114 1576 5160 esse
1591 5114 1704 5182 spero.
1756 5090 1844 5162 Inde
1859 5118 1971 5188 usque
1988 5121 2008 5166 a
2023 5096 2213 5168 novembri

1216 5191 1332 5262 nullas
1348 5217 1367 5259 a
1383 5205 1419 5261 te
1434 5192 1553 5262 literas
1569 5193 1706 5283 accepi,
1731 5218 1810 5263 cum
1829 5197 1971 5289 quidem
1989 5199 2140 5269 mirarer
2155 5198 2215 5268 ni-

1216 5289 1270 5362 hil
1292 5307 1326 5362 te
1340 5295 1383 5361 ad
1399 5317 1454 5360 me
1470 5294 1640 5378 scribere,
1670 5288 1751 5363 cum
1768 5296 1887 5367 literas
1903 5299 2003 5368 facile
2022 5299 2215 5372 Witebcr-

1224 5427 1423 5447 μ

1249 5483 1279 5555 ¹¹)
1295 5487 1367 5540 Puto
1379 5500 1431 5537 nos
1442 5482 1573 5555 scriptum
1589 5481 1684 5542 luisse.
