4748 6022
61 225 137 299 165
656 220 1097 298 EPISTOLARUM
1150 212 1261 298 Ltn
1284 224 1330 300 Χ.
1386 228 1515 302 1646.

55 397 148 489 siam
168 419 210 466 ex
224 389 292 467 hac
308 418 418 466 massa
435 396 585 488 peccati,
611 391 766 479 horest,
795 419 836 464 ex
848 419 977 485 magna
994 391 1061 465 ho·
1112 395 1277 464 omnibus
1294 396 1458 464 civilibus
1475 399 1598 468 officiis
1615 418 1817 474 reverenter
1832 402 2101 496 propterDrnm

55 497 199 566 minum
225 499 378 566 colluvie
402 513 580 591 excerpat,
610 499 704 566 inter
726 520 815 590 quos
830 498 924 568 lucet
938 496 1060 566 Evau-
1111 497 1379 584 obtemperaret.
1414 497 1466 567 Ac
1480 501 1557 567 talis
1574 505 1715 590 quidem
1725 499 1914 574 Lutherus
1928 510 2002 597 ipse
2019 511 2097 590 luit,

57 599 217 691 geliurn,
251 613 291 668 ut
313 600 466 670 scintilla
490 602 528 668 in
551 601 716 670 tenebris.
776 597 826 669 Ut
849 594 1058 668 Pharisaro-
1110 621 1199 688 quae
1216 594 1282 665 Dei
1300 598 1490 681 sunt,Dco
1509 603 1622 683 dedit,
1646 620 1737 672 recte
1756 608 1891 691 docuit,
1912 606 2025 677 Deum
2044 636 2100 677 re-

56 722 141 771 nrm
166 715 325 789 tempore
348 715 465 770 tamen
489 697 703 785 Zacharias,
730 695 908 782 Elisabet,
941 697 1058 768 Maria
1109 711 1161 766 cte
1177 698 1521 783 invocavit,llabuit
1535 717 1568 770 et
1581 705 1666 771 alias
1681 707 1826 778 virtutes
1840 712 2098 779 necessariasiu

57 816 92 872 et
114 802 178 871 alii
200 802 308 871 multi
321 826 426 871 verae
442 803 622 870 doctrinae
640 801 804 871 custodes
818 801 983 883 suerunt,
1010 800 1057 870 ita
1108 793 1269 883 homine,
1295 801 1357 893 qui
1379 802 1491 891 placet
1511 801 1599 876 Deo.
1649 802 1788 876 Deinde
1804 810 1841 876 in
1857 811 1997 899 politica
2013 836 2099 880 con-

2036 237 2106 308 166

56 903 165 973 edam
189 916 271 971 aute
293 898 379 972 haec
399 916 557 992 tempora
574 904 676 972 multi
692 905 856 986 suerunt,
881 915 975 972 recte
998 901 1057 969 in·

54 1000 367 1087 vocantesDeum,
392 1005 452 1072 alii
469 1005 578 1088 magis
592 1005 654 1073 alii
671 1004 791 1071 minus
807 1003 989 1095 perspicue
1004 1017 1056 1071 te-

46 1118 183 1176 nentes
196 1102 385 1194 Evangelii
409 1107 618 1174 doctrinam.
671 1104 769 1173 Talis
791 1100 860 1174 suit
875 1117 910 1173 et
924 1105 986 1173 ille
1001 1127 1057 1173 sc-

54 1229 144 1291 nex,
166 1209 296 1299 dequo
314 1207 405 1290 dixi,
420 1207 482 1299 qui
497 1200 697 1277 Lutherum
715 1205 974 1275 conflictantem
991 1230 1055 1297 pa-,

57 1309 208 1377 roribus
221 1330 323 1398 saepe
333 1309 460 1392 erexit,
476 1307 708 1401 eiqnealiquo
724 1308 1054 1375 modomonstrator

55 1409 125 1477 luit
153 1409 335 1478 doetrinae
359 1411 403 1477 de
427 1410 508 1480 tide.
559 1407 630 1492 lta,
653 1424 694 1479 ut
709 1421 823 1476 servet
840 1405 937 1476 Deus
951 1408 1054 1476 dein-

56 1507 1053 1601 cepsinmultislucemEvangelii,ardentibusvotispre-

55 1634 200 1696 cernue,
220 1613 312 1681 sicut
324 1610 447 1681 Esaias
460 1636 523 1702 pro
540 1612 612 1681 suis
629 1611 854 1682 auditoribus
872 1623 1051 1700 precatur:

54 1705 220 1802 Obsigna
245 1713 356 1801 legem
376 1713 414 1780 in
441 1713 622 1803 discipulis
646 1714 744 1784 meis.
803 1708 943 1780 Deinde
961 1706 1052 1789 ,haec

54 1814 346 1883 commemoratio
362 1816 517 1883 ostendit
539 1814 671 1883 fucatas
688 1812 954 1903 superstitiones
977 1835 1051 1879 non

54 1934 132 1983 esse
146 1915 349 1997 durabiles,
374 1918 433 1984 sed
453 1914 556 1982 evelli
571 1913 753 1983 divinitus.
798 1908 895 1979 Haec
909 1935 990 1980 cnm
1005 1912 1053 1980 sit

54 2036 160 2085 causa
188 2017 428 2085 mutationum
453 2016 650 2084 cavendum
675 2027 743 2097 est,
774 2036 819 2081 ne
848 2034 983 2080 errores
1011 2013 1050 2079 in

55 2108 213 2185 Ecclesia
233 2118 437 2186 doceantur.

158 2216 228 2285 Sed
245 2218 351 2285 redeo
369 2221 412 2286 ad
429 2212 639 2288 Lutherum.
691 2210 740 2283 Ut
757 2212 861 2282 initio
877 2211 953 2279 sine
975 2212 1049 2301 pii-

56 2328 134 2386 vata
159 2318 351 2406 cupiditate
374 2319 410 2386 in
432 2313 522 2385 hanc
547 2339 687 2387 causam
710 2314 886 2402 ingressus
903 2324 971 2391 est,
1000 2313 1048 2381 ita

56 2415 121 2496 etsi
142 2417 209 2488 luit
227 2431 353 2487 natura
370 2421 498 2486 ardens
513 2432 545 2488 et
561 2418 748 2498 iracunda,
774 2428 891 2483 tamen
910 2436 1048 2504 semper

56 2518 112 2587 eni
132 2520 290 2587 muueris
319 2543 472 2604 memor,
504 2532 642 2588 tautum
667 2518 827 2587 docendo
858 2510 1048 2606 praeliatus

10 2704 12 2721 Ι
59 2632 106 2688 est
116 2673 136 2707 ,⁶
158 2643 197 2687 ae
219 2621 331 2690 vetuit
353 2645 449 2688 arma
472 2622 584 2705 sumi,
617 2621 863 2709 sapienterque
888 2615 1048 2684 distinxit

10 2736 13 2781 i
53 2719 171 2800 ¹oflicia
196 2734 270 2790 toto
294 2745 419 2810 genere
437 2723 594 2805 diversa,
619 2719 787 2812 Episcopi
805 2718 963 2788 docentis
978 2713 1048 2785 Ec-

59 2819 198 2891 clesiam
221 2821 289 2891 Dei
313 2837 346 2892 et
370 2822 661 2912 Magistratuum,
693 2823 755 2917 qui
780 2820 896 2909 gladio
922 2812 1048 2887 coher-

59 2935 134 2993 cent
149 2936 325 2993 certorum
341 2924 500 2995 locorum
520 2924 797 2994 multitudinem.
833 2917 953 3008 Quare
968 2944 1047 2988 cum

60 3021 245 3116 aliquoties
259 3024 444 3108 diabolus,
469 3026 531 3117 qui
552 3026 725 3093 scandalis
740 3022 909 3112 dissipare
922 3018 1045 3089 Eccle-

62 3122 142 3194 siam
162 3136 196 3192 et
210 3126 422 3194 contumelia
437 3123 553 3194 Deum
570 3127 717 3194 adficere
734 3126 870 3206 studet,
896 3134 931 3190 et
944 3135 983 3190 ut
995 3134 1048 3189 est

63 3219 333 3316 ἐπιχαιρέκακος
338 3275 350 3308 ,
377 3226 592 3316 voluptatem
608 3227 701 3313 capit
721 3250 761 3293 ex
775 3218 963 3291 hominum
979 3220 1048 3289 mi-

64 3344 217 3394 serorum
235 3325 414 3395 erroribus
430 3340 464 3395 et
480 3326 605 3407 exitio,
620 3325 870 3393 inflammasset
883 3322 1046 3390 seditiosa

63 3423 200 3514 ingenia
225 3427 269 3492 ad
289 3427 489 3495 excitandos
511 3427 703 3509 tumultus,
728 3440 768 3495 ut
788 3417 1046 3491 Monclarium

1107 901 1294 969 suetudine
1327 903 1609 972 constantissime
1639 908 1762 977 vitavit
1784 910 1905 978 omnia
1929 913 2098 981 sediciosa

1107 1003 1265 1074 consilia.
1325 1002 1399 1072 Has
1421 1005 1569 1073 virtutes
1593 1019 1688 1076 tanta
1715 1017 1791 1076 esse
1817 1009 1934 1078 iudico
1958 1014 2096 1094 decora,

1105 1102 1228 1170 utalia
1247 1106 1380 1174 maiora
1391 1101 1446 1198 ²⁰)
1464 1107 1501 1172 in
1522 1101 1586 1175 hac
1603 1109 1673 1177 vita
1690 1111 1803 1199 expeti
1822 1135 1894 1180 non
1914 1114 2056 1200 possint.

1207 1201 1255 1272 Et
1276 1230 1480 1299 quanquam
1501 1205 1611 1296 ipsius
1629 1208 1706 1278 Viri
1731 1212 1844 1280 virtus
1868 1213 1970 1282 etiam
1991 1215 2095 1283 laude

1105 1302 1210 1392 digna
1228 1319 1295 1390 est,
1322 1309 1384 1401 qui
1405 1304 1473 1376 Dei
1499 1309 1603 1376 donis
1619 1325 1926 1391 reverenterusus
1944 1328 2013 1393 est,
2042 1330 2095 1383 ta-

1103 1428 1186 1472 men
1206 1409 1391 1501 praecipue
1415 1407 1492 1478 Deo
1513 1411 1640 1496 gratias
1662 1411 1718 1500 agi
1740 1437 1876 1482 necesse
1904 1428 1971 1496 est,
1998 1417 2093 1507 quod

1104 1529 1166 1595 per
1182 1531 1260 1575 eum
1275 1507 1428 1579 restituit
1446 1511 1549 1579 nobis
1566 1508 1753 1601 Evangelii
1768 1516 1904 1596 lucem,
1937 1530 1969 1583 et
1985 1517 2093 1606 ipsius
2165 1593 2167 1597 μ

1103 1608 1284 1677 doctrinae
1307 1612 1472 1680 memoria
1499 1612 1682 1682 retinenda
1713 1626 1747 1682 et
1781 1619 2006 1704 propaganda
2034 1639 2092 1690 est.

1102 1706 1173 1776 Nec
1196 1733 1341 1780 moveor
1363 1711 1579 1782 clamoribus
1601 1709 1860 1805 Epicureorum
1886 1731 1947 1785 aut
1969 1715 2092 1810 Hypo·

1102 1809 1288 1893 critarum,
1312 1812 1375 1905 qui
1397 1827 1457 1882 aut
1479 1813 1597 1882 rident
1609 1830 1670 1884 aut
1686 1817 1856 1887 damnant
1873 1820 2092 1887 manifestam

1101 1910 1301 1995 veritatem,
1327 1915 1388 1990 sed
1414 1937 1495 1981 vere
1517 1927 1631 1983 statuo
1651 1940 1860 1986 consensum
1882 1935 2091 2007 perpetuum

1100 2029 1173 2076 esse
1191 2007 1382 2106 catholicae
1397 2007 1574 2082 Ecclesiae
1591 2011 1658 2082 Dei
1676 2011 1767 2084 hanc
1783 2017 1893 2108 ipsam
1911 2020 2092 2088 doctrinae

1100 2133 1239 2194 vocem,
1270 2137 1360 2204 quae
1385 2128 1486 2183 sonat
1511 2114 1548 2181 in
1570 2113 1737 2184 Ecclesiis
1758 2119 1904 2199 nostris,
1931 2134 1964 2188 et
1985 2114 2092 2187 huius

1099 2211 1280 2280 doctrinae
1303 2214 1484 2302 agnitione
1508 2219 1701 2285 necessario
1721 2221 1910 2307 regendam
1940 2243 2012 2287 esse
2034 2220 2091 2288 iu-

1099 2313 1319 2381 vocatiouem
1347 2328 1381 2383 et
1401 2315 1519 2386 vitam.
1586 2314 1748 2408 Denique
1772 2315 1863 2387 hanc
1885 2319 1996 2409 ipsam
2018 2345 2090 2390 esse

1098 2412 1316 2498 doctrinam,
1341 2416 1384 2483 de
1400 2439 1469 2505 qua
1485 2415 1578 2483 filius
1595 2414 1662 2485 Dei
1685 2419 1817 2510 inquit:
1852 2420 1883 2486 si
1904 2421 1983 2511 quis
2005 2422 2089 2489 dili-

1097 2512 1148 2600 git
1169 2537 1241 2598 me,
1262 2539 1461 2585 sermonem
1479 2540 1596 2585 meum
1619 2519 1792 2605 servabit,
1818 2534 1853 2590 et
1869 2517 1977 2589 Pater·
1991 2546 2088 2591 meus

1098 2614 1220 2701 diliget
1236 2640 1335 2700 eum,
1362 2631 1396 2686 et
1421 2619 1602 2688 veniemu's
1622 2622 1783 2705 adeum,
1811 2635 1845 2691 et
1866 2624 2089 2691 mansionem

1097 2718 1191 2805 apud
1208 2740 1288 2784 eum
1310 2718 1487 2790 faciemus.
1539 2717 1684 2812 Loquor
1699 2723 1794 2790 enim
1810 2724 1853 2791 de
1871 2745 2006 2792 summa
2024 2727 2085 2793 do·

1097 2817 1248 2901 ctrinae,
1263 2832 1303 2887 nt
1318 2819 1356 2886 in
1371 2817 1540 2890 Ecclesiis
1556 2823 1686 2890 nostris
1703 2847 1721 2891 a
1736 2824 1804 2914 piis
1820 2837 1853 2892 et
1867 2826 2013 2894 eruditis
2030 2826 2088 2892 in-

1097 2918 1268 3007 telligitur
1294 2934 1327 2990 et
1349 2922 1553 3011 explicatur.
1609 2921 1699 2991 Nam
1721 2925 1857 2992 etiamsi
1882 2926 1943 2992 alii
1967 2927 2088 3014 magis,

1097 3018 1159 3085 alii
1184 3020 1302 3089 minus
1326 3023 1466 3113 proprie
1491 3037 1523 3092 ct
1548 3025 1722 3091 concinne
1746 3026 1924 3093 interdum
1951 3025 2087 3116 aliquid

1097 3121 1288 3210 explicant,
1322 3136 1381 3191 aut
1411 3124 1501 3190 alius
1528 3123 1598 3191 alio
1624 3118 1803 3193 horridius
1830 3126 2007 3193 interdum
2034 3127 2087 3193 lo-

1096 3222 1236 3310 quitur,
1269 3235 1387 3291 tamen
1417 3224 1461 3292 de
1486 3224 1591 3292 rebus
1613 3224 1651 3291 in
1674 3248 1809 3294 summa
1834 3227 1926 3295 inter
1951 3227 2028 3315 pios
2054 3241 2087 3295 ct

1097 3322 1252 3389 eruditos
1268 3347 1457 3392 consensus
1472 3337 1533 3395 est.

1197 3418 2085 3515 Acmihisaepemultumquecogitantideomnium

63 3540 93 3595 et
116 3523 267 3609 similes,
301 3526 468 3594 acerrime
501 3526 582 3594 illos
613 3528 751 3596 furores
780 3523 978 3606 damnavit,
1013 3536 1047 3591 et
1095 3533 1295 3612 temporum
1317 3525 1500 3608 doctriua,
1527 3525 1609 3592 inde
1623 3547 1733 3617 usque
1748 3528 1793 3593 ab
1811 3522 1992 3617 Apostolis
2011 3545 2087 3619 post

61 3625 264 3716 dignitatem
290 3650 329 3695 ac
351 3627 492 3695 vincula
513 3626 634 3695 omnia
649 3626 786 3716 politici
811 3625 949 3693 ordinis
972 3646 1047 3690 non
1095 3623 1245 3712 primam
1279 3625 1468 3714 puritatem
1502 3640 1638 3695 secutae
1677 3626 1843 3695 videntur
1876 3629 2087 3699 mutationes

10 3776 16 3787 ν
61 3726 172 3797 tolum
196 3728 354 3812 ornavit,
387 3727 576 3798 sedetiam
598 3727 762 3796 munivit.
812 3723 904 3794 Cum
929 3736 1047 3793 autern
1096 3725 1277 3792 doctrinae
1293 3725 1447 3813 insignes
1463 3740 1625 3819 quatuor.
1677 3717 2087 3819 Origcoicaaetas,etsi

59 3829 149 3920 epod
167 3851 224 3896 me
238 3828 371 3918 cogito,
396 3854 501 3921 quam
521 3829 624 3898 multi
641 3827 759 3916 magui
777 3826 845 3895 vi'ri
867 3827 906 3894 in
921 3822 1047 3894 Eccle-
1096 3824 1207 3917 aliqui
1223 3827 1367 3897 luerunt
1384 3840 1476 3897 recte
1494 3828 1702 3911 sentientes,
1726 3825 2088 3919 qualemluisseJlIe-

10 3912 12 3937 Ι
59 3924 107 3997 ¹tia
132 3949 235 4018 saepe
259 3926 296 3996 in
321 3925 385 3999 hac
407 3954 445 3998 re
460 3924 669 4000 hallucinati
685 3931 773 4011 sint,
798 3928 902 4018 plane
918 3939 1047 4008 statuo,
1097 3919 1264 3993 thodium
1287 3929 1459 4012 arbitror,
1493 3930 1555 4020 qni
1582 3928 1810 4009 deliramenta
1833 3925 2000 4021 Origenis
2021 3933 2088 3998 im-

58 4051 129 4100 oon
143 4031 219 4098 sola
236 4024 390 4099 humana
407 4031 607 4120 diligentia,
632 4034 692 4099 sed
712 4031 816 4098 etiam
833 4028 952 4097 diviua
968 4027 1047 4094 luce
1096 4028 1278 4115 probavit,
1312 4029 1489 4099 tamenin
1521 4029 1649 4097 animis
1677 4031 1918 4101 multitudinis
1951 4033 2088 4099 iotlexit

58 4143 180 4223 peetus
195 4130 271 4199 eius
287 4133 523 4220 gubernatum
538 4155 631 4216 esse,
656 4145 697 4201 ut
709 4131 802 4199 intra
817 4130 871 4199 sui
890 4127 1047 4197 muneris
1096 4125 1331 4218 Evangelium
1361 4133 1407 4199 ad
1439 4126 1724 4222 Philosophiam,
1765 4125 1925 4215 horest,
1959 4132 2088 4198 offudit

57 4242 169 4300 metas
183 4243 255 4301 tam
274 4246 474 4302 constanter
491 4232 669 4306 manserit.
719 4228 958 4300 Execrabatur
979 4228 1049 4317 igi·
1097 4225 1189 4299 hanc
1214 4232 1497 4321 persuasionem,
1526 4233 1740 4302 mediocrem
1761 4233 1908 4303 rationis
1929 4231 2087 4320 discipli-

55 4340 117 4402 lnr
135 4354 211 4400 non
238 4333 352 4402 solum
377 4330 485 4404 huius
509 4334 631 4404 aetatis
658 4334 847 4403 sediciosos
877 4330 1048 4413 doctores,
1098 4355 1181 4399 nam
1204 4333 1333 4399 mereri
1358 4334 1600 4402 remissionem
1625 4347 1865 4427 peccatorum,
1893 4343 1926 4399 et
1943 4353 2015 4398 esse
2032 4333 2088 4400 iu-

56 4428 300 4503 Mouetarium
320 4449 356 4504 et
372 4432 640 4527 Anabaptistas,
665 4437 723 4504 sed
750 4434 854 4504 etiarn
878 4453 938 4500 eos
959 4426 1049 4520 Epi·
1098 4432 1248 4515 stitiam,
1274 4434 1318 4501 de
1342 4458 1409 4526 qua
1434 4436 1626 4504 diceretur:
1662 4437 1774 4501 iustus
1801 4455 1843 4499 ex
1866 4432 1934 4501 fide
1950 4455 2010 4503 sua
2034 4434 2088 4501 vi-

56 4554 182 4627 eeopos
195 4535 295 4605 urbis
312 4532 468 4620 Romae,
492 4538 554 4629 qui
568 4535 799 4606 audacissime
815 4530 1048 4623 impudentis-
1099 4546 1166 4604 vet.
1218 4530 1314 4603 Haec
1332 4549 1426 4605 aetas
1445 4557 1532 4627 pene
1548 4535 1664 4604 amisit
1677 4547 1789 4602 totum
1799 4533 1987 4602 discrimen
2003 4536 2089 4624 legis

55 4632 215 4728 timeque
236 4639 384 4706 decretis
406 4639 557 4707 conditis
571 4638 822 4719 adfirmaruut,
845 4633 951 4702 Petro
976 4655 1049 4700 nou
1100 4648 1133 4702 et
1151 4629 1414 4722 Evangelii,et
1436 4660 1631 4706 sermonem
1654 4634 1886 4725 apostolicum
1905 4637 2087 4709 dedidicit.

54 4746 196 4807 tentum
214 4734 401 4828 Evangelii
418 4739 570 4808 docendi
592 4762 722 4808 munus
746 4737 950 4806 mandatum
967 4754 1050 4817 esse,
1099 4733 1181 4803 Non
1204 4737 1297 4803 enim
1323 4738 1472 4807 retinuit
1494 4736 1649 4806 nativam
1672 4736 1964 4824 significationem
1985 4763 2089 4806 voca-

54 4836 117 4907 aed
141 4837 247 4909 etiam
272 4836 423 4931 lmperia
446 4841 589 4931 politica
612 4842 739 4910 tradita
756 4860 839 4909 esse.
887 4833 1049 4926 Denique
1099 4833 1323 4931 bulorum²')
1343 4839 1483 4922 literae,
1509 4837 1672 4929 spiritus,
1697 4837 1875 4923 iusticiae,
1899 4839 1991 4908 fidei.
2043 4835 2090 4906 Et

54 4950 134 5008 eret
160 4933 321 5011 hortator
342 4942 528 5022 omnibus,
563 4954 604 5009 ut
629 4964 717 5033 quae
740 4935 809 5007 Dei
836 4949 937 5021 sunt,
971 4934 1048 5005 Deo
1099 4937 1224 5006 amissa
1248 4941 1437 5008 verborum
1455 4938 1683 5030 proprietate,
1709 4963 1797 5032 quae
1820 4936 2003 5032 rerum²²)
2024 4961 2089 5025 np-

53 5039 205 5125 darent,
236 5066 326 5133 quae
346 5040 522 5127 Caesaris,
554 5038 715 5124 Caesari,
741 5039 778 5107 id
802 5051 870 5122 est,
898 5043 942 5106 vut
966 5059 1049 5105 vera
2023 5025 2075 5131 ἤ

54 5143 298 5233 poenitentia,
330 5168 431 5212 verae
458 5143 637 5213 doctrinae
660 5139 839 5231 agnitione
863 5152 897 5209 et
920 5161 1050 5228 propa·
1092 5189 1094 5199 ,
1133 5192 1179 5255 9⁰)
1199 5194 1311 5245 maara
1329 5192 1402 5247 abeo
1416 5212 1430 5247 ²
1446 5192 1513 5248 nect

54 5242 219 5334 gerione,
252 5269 333 5315 vera
357 5245 597 5329 invocatione,
622 5258 656 5314 et
676 5245 790 5312 bonae
816 5238 1049 5308 conscientiae
1133 5277 1178 5344 tt)
1195 5281 1395 5332 vocabulorum
1415 5280 1488 5334 eben
1504 5231 1613 5334 docel.

53 5342 308 5416 officiisDeum
317 5348 492 5433 colerent,
514 5369 594 5417 suae
604 5370 687 5415 vero
697 5343 841 5437 politiae
849 5341 997 5437 quisque
1011 5340 1050 5408 in
1135 5364 1180 5431 rt)
1199 5370 1309 5430 rerum]
1327 5366 1404 5435 nect.
1423 5370 1581 5420 verborum.

1300 5449 1381 5538 ll*
