4734 6000
247 259 316 334 151

247 438 375 529 probat
394 437 503 522 legem
529 445 563 501 et
585 427 843 516 magistratum,
873 422 971 492 ntde
992 420 1067 510 lege
1083 418 1233 490 dicitur:

249 538 322 610 Lex
344 551 394 605 est
416 537 509 603 bona
530 529 685 618 legitime
701 524 826 598 utenti.
875 520 924 593 Et
938 536 1071 593 certum
1088 532 1158 606 est,
1185 522 1238 589 le-

250 663 328 731 gem
359 649 505 704 naturae
538 632 660 699 lumen
693 651 767 697 esse
789 625 963 695 divinitus
988 622 1174 693 conditum
1200 622 1238 688 in

249 738 368 810 mente
389 732 562 817 bominis,
595 751 793 820 congruens
817 750 897 797 cum
917 737 1035 813 mente
1058 723 1181 792 divina
1205 734 1239 792 et

249 838 490 926 magistratum
520 857 592 902 esse
624 830 884 901 ordinationem
912 826 987 908 dei,
1018 822 1151 893 Paulus
1178 847 1238 891 ex-

248 961 365 1032 presse
386 936 547 1007 affirmat.
597 933 679 1004 Non
702 933 810 1022 igitur
824 927 973 997 dubium
997 938 1048 994 est
1062 920 1239 994 Christia-

248 1067 336 1111 num
357 1039 411 1108 nti
434 1059 535 1127 posse
559 1037 694 1124 legibus
714 1030 867 1124 politicis
888 1049 969 1096 cum
991 1026 1067 1115 lege
1090 1038 1237 1096 naturae

249 1139 541 1231 congruentibus,
574 1139 663 1204 sicut
690 1130 867 1213 numeris,
898 1128 998 1213 cibo,
1029 1141 1138 1219 potu,
1163 1140 1237 1196 arte

246 1245 402 1327 medica,
423 1233 707 1310 Architectonica
737 1233 791 1303 uti
812 1231 906 1303 licet.
958 1225 1096 1300 interea
1120 1243 1239 1298 tamen

246 1348 358 1434 fulget
382 1343 419 1408 in
442 1340 546 1408 corde
569 1338 630 1404 lux
653 1337 697 1404 de
711 1333 799 1406 Deo.
851 1329 927 1401 lmo
952 1329 991 1398 in
1015 1324 1238 1398 bisextcrnis

247 1443 445 1516 actionibus
469 1440 507 1506 in
526 1437 698 1517 ,socictate
724 1434 840 1523 civili,
866 1430 944 1501 vult
967 1432 1053 1499 deus
1085 1428 1237 1498 exerceri

246 1549 352 1617 fidem
374 1556 408 1613 et
430 1538 690 1609 invocationem
712 1552 746 1608 et
771 1536 848 1605 vult
871 1531 1027 1622 conspici
1047 1530 1238 1600 confessio-

245 1671 328 1718 nem
344 1656 502 1714 nostram
518 1655 558 1711 ut
573 1640 634 1708 alii
647 1642 842 1709 doceantur
858 1648 892 1705 et
906 1631 1064 1724 exemplo
1081 1632 1238 1701 inviten-

247 1767 325 1833 tur,
356 1747 433 1815 vult
456 1745 542 1811 deus
572 1756 607 1812 et
627 1740 828 1810 dilectionis
848 1735 962 1806 officia
993 1732 1164 1812 exerceri,
1197 1746 1239 1802 ut

245 1850 364 1921 David
385 1847 423 1914 in
439 1842 606 1934 periculis
629 1843 769 1910 invocat
791 1852 825 1908 et
843 1836 1035 1904 defendens
1061 1856 1160 1901 snam
1179 1857 1237 1900 ec-

246 1951 385 2020 clesiam
410 1943 582 2025 ostendit,
604 1943 700 2033 qnod
724 1959 833 2029 genus
847 1933 1030 2005 doctrinae
1047 1934 1253 2022 amplecta-·

244 2066 321 2134 tur,
346 2047 434 2116 alios
447 2045 567 2121 docet,
593 2042 722 2110 invitat
743 2054 778 2111 et
798 2035 994 2108 confirmat.
1045 2027 1111 2101 Est
1133 2046 1168 2102 et
1181 2032 1238 2100 di-

242 2148 406 2224 lectionis
419 2141 591 2225 officium,
616 2142 714 2235 quod
729 2139 802 2209 suis
823 2135 1005 2208 laboribus
1021 2133 1106 2222 tegit
1122 2156 1238 2224 popu-

244 2257 319 2324 lum
337 2249 412 2332 dei,
437 2243 659 2328 Sacerdotes,
680 2242 864 2326 mulieres,
889 2235 1080 2331 pueritiam
1101 2248 1136 2305 et
1157 2234 1236 2326 piae

243 2352 424 2426 doctrinae
437 2345 565 2415 studia.
1046 2407 1055 2415 ,

344 2451 442 2521 Haec
457 2468 564 2535 opera
587 2444 626 2512 in
642 2441 806 2512 credente
820 2440 959 2532 placent
973 2434 1068 2521 Deo,
1093 2450 1129 2508 et
1152 2450 1235 2506 sunt

243 2556 319 2626 veri
335 2553 450 2623 cultus
464 2545 543 2618 Dei.
686 2618 691 2627 ,

342 2653 440 2723 Haec
464 2647 584 2738 regula
611 2642 750 2733 cognita
771 2652 806 2708 et
826 2650 918 2709 recte
941 2650 975 2706 et
993 2639 1114 2709 dextre
1129 2637 1236 2706 intel-

243 2762 350 2840 lecta,
376 2752 508 2823 multae
525 2747 748 2840 quaestiones
763 2740 928 2809 civilibus
943 2738 1068 2807 officiis
1083 2738 1233 2808 iudicari

153 2854 157 2863 ¹
241 2869 399 2952 possunt.
450 2849 506 2921 Sit
528 2849 636 2936 igitur
657 2839 743 2913 haec
767 2841 879 2933 prima
900 2840 1091 2913 conclusio.
1140 2835 1233 2909 Cum

242 2959 401 3030 defensio
414 2974 494 3022 vere
512 2963 546 3020 et
562 2971 635 3016 non
653 2942 842 3037 sophistice
856 2940 1054 3024 intellecta,
1081 2939 1127 3009 sit
1143 2940 1231 3009 iuris

241 3074 404 3139 naturae,
438 3074 511 3122 non
541 3049 691 3117 dubium
723 3058 791 3127 est,
823 3067 898 3112 earn
925 3064 1124 3111 concessam
1160 3064 1232 3110 esse

239 3157 463 3233 Christianis.
515 3148 655 3237 Quare,
680 3146 835 3236 siquem
857 3144 947 3213 latro
973 3142 1011 3209 in
1035 3143 1092 3211 via
1111 3142 1232 3210 adori-

240 3281 322 3345 tur,
346 3261 429 3329 licct
451 3247 675 3331 Christiano,
696 3270 742 3314 ‘se
765 3248 933 3314 adversus
955 3264 1036 3311 eum
1058 3243 1170 3325 tueri,
1198 3257 1232 3312 ct

242 3367 271 3435 si
288 3366 378 3433 latro
401 3360 441 3427 in
462 3377 500 3424 ea
522 3373 640 3442 pugna
660 3347 864 3418 interfectus
877 3343 1004 3427 fuerit,
1029 3342 1111 3414 fecit
1124 3339 1231 3413 Chri-

240 3466 375 3536 stianus
393 3479 482 3551 opus
497 3453 630 3521 iustum
651 3463 685 3518 et
699 3469 913 3519 concessum.
965 3442 1025 3514 Sic
1049 3446 1093 3513 de
1114 3458 1231 3536 patre-

239 3565 392 3636 familias
407 3554 631 3629 sentiendum
649 3563 717 3634 est,
740 3548 950 3620 defendente
965 3545 1129 3630 domum,
1146 3569 1232 3639 con-

239 3668 377 3757 iugem,
401 3662 543 3730 liberos.
1117 3744 1126 3763 ο

341 3763 448 3853 Quod
469 3779 552 3826 vero
586 3748 645 3822 hie
670 3750 862 3842 opponitur
884 3747 1035 3818 dictum:
1088 3743 1231 3838 Siquis

240 3864 452 3963 percusserit
468 3875 501 3931 te
519 3857 556 3923 in
576 3856 752 3936 dextram,
766 3851 911 3919 obverte
926 3862 961 3919 et
974 3848 1137 3917 alteram:
1157 3846 1233 3919 Re-

240 3969 415 4062 spondco:
448 3961 581 4031 Totum
604 3955 694 4022 illud
712 3976 792 4043 cap.
807 3944 936 4018 Matth.
945 3946 991 4020 V.
1006 3962 1168 4040 oportere
1183 3949 1232 4019 sic

240 4067 409 4156 intelligi,
427 4086 473 4132 ne
487 4058 627 4130 aboleat
637 4055 743 4125 vitam
761 4050 940 4145 politicam
955 4062 990 4118 et
1005 4050 1231 4119 manifestum

241 4185 309 4256 est,
334 4166 471 4238 nullam
491 4159 567 4230 fieri
594 4156 645 4226 ibi
667 4154 882 4226 mentionem
901 4146 1146 4239 Magistratus,
1170 4152 1231 4220 sed

241 4281 424 4365 praccepta
437 4264 646 4337 traduntur,
672 4258 718 4326 ad
732 4253 951 4347 spiritualem
975 4262 1010 4320 et
1025 4246 1231 4322 aethernam

243 4370 416 4443 iusticiam
434 4359 658 4460 pertinentia,
675 4358 841 4427 videlicet
856 4354 900 4423 de
912 4354 981 4421 fide
996 4366 1029 4421 et
1046 4352 1231 4444 pacientia.

243 4474 285 4546 si
309 4471 387 4564 quis
409 4483 443 4539 tc
467 4461 636 4559 percutit,
668 4459 795 4529 toleres
817 4467 961 4547 propter
985 4455 1103 4525 denen.
1162 4451 1230 4522 Hic

823 243 1267 335 nersronattun
1314 249 1418 329 nto.
1456 252 1503 334 x
1557 249 1686 370 este.

2211 245 2286 321 152

1290 423 1442 506 iudicat,
1468 419 1629 493 homines
1651 448 1877 496 aerumnosos
1897 451 1969 496 non
1986 448 2058 495 esse
2074 420 2150 494 Deo
2167 445 2285 506 curae,

1292 525 1362 595 imo
1387 522 1463 593 Deo
1484 525 1617 594 inuisos
1637 549 1719 594 esse.
1772 524 1823 594 lta
1845 528 1882 593 in
1902 551 1942 595 eo
1965 528 2042 595 loco
2066 551 2140 593 non
2164 525 2283 595 solum

1291 638 1515 716 praeceptum
1539 628 1583 695 dc
1605 626 1778 718 pacientia
1804 627 1976 710 traditur,
2011 651 2100 718 quae
2123 649 2198 694 non
2220 649 2286 695 ex·

1290 728 1403 797 cludit
1426 727 1581 797 officium
1602 730 1844 818 magistratus,
1870 729 1928 795 sed
1957 727 2061 796 etiam
2080 726 2283 798 consolatio

1292 828 1520 919 proponitur,
1546 854 1613 921 qna
1638 832 1827 900 exercenda
1849 844 1900 900 est
1918 829 2022 911 fides,
2046 853 2135 921 qnae
2159 830 2284 901 statuit

1291 953 1356 999 nos
1379 929 1483 999 etiam
1508 929 1546 996 in
1560 931 1737 999 aerumnis
1759 931 1888 1022 respici
1911 954 1931 999 a
1953 928 2049 1014 Deo,
2074 931 2147 998 imo
2164 928 2282 1021 Deum

1289 1032 1365 1100 fore
1381 1032 1601 1099 defensorem
1616 1026 1871 1122 orphanorum.

1391 1143 1499 1217 Aliud
1520 1147 1652 1217 dictum
1670 1146 1843 1221 estRom,
1859 1145 1958 1219 llll:
1984 1147 2067 1218 Non
2082 1147 2281 1218 iudicantes

1290 1249 1530 1340 vosmetipsos.

1390 1364 1468 1434 Hoc
1483 1364 1617 1434 dictum
1641 1388 1716 1433 non
1731 1359 1897 1458 prohibet
1921 1365 2075 1435 officium
2091 1360 2280 1452 Magistra-

1290 1481 1346 1537 tus
1372 1482 1405 1539 et
1433 1467 1587 1537 officium
1610 1468 1747 1555 legibus
1765 1465 1988 1550 ordinatum,
2019 1468 2079 1534 se'd
2103 1465 2278 1557 privatam

1291 1570 1501 1653 vindictam,
1526 1563 1687 1651 horest,
1721 1591 1796 1639 eam
1822 1591 1928 1660 quam
1953 1591 2026 1636 non
2049 1563 2280 1654 Magistratus

1290 1683 1425 1740 exercet
1447 1670 1539 1758 ipse,
1576 1693 1641 1737 nec
1665 1671 1758 1759 leges
1782 1669 1991 1759 approbant.
2047 1663 2097 1737 Et
2112 1666 2209 1734 alind
2225 1676 2279 1734 est

1290 1771 1389 1863 loqui
1405 1771 1450 1839 de
1467 1769 1642 1847 vindicta,
1669 1770 1706 1838 id
1725 1782 1792 1852 est,
1819 1771 1862 1837 de
1878 1792 1991 1860 poena
2005 1781 2084 1858 post
2095 1767 2279 1849 iniuriam,

1289 1871 1384 1939 aliud
1401 1871 1445 1937 dc
1462 1868 1683 1951 defensione,
1707 1884 1846 1938 arcente
1862 1884 2015 1939 atrocem
2033 1864 2217 1948 iniuriam,
2240 1878 2280 1935 ut

1289 1971 1509 2051 adolescens,
1535 1970 1597 2061 qui
1622 1969 1797 2040 interfecit
1819 1970 2002 2039 tribunum
2025 1971 2064 2038 in
2087 1968 2196 2039 Marii
2217 1991 2279 2039 ca·

1289 2071 1370 2141 stris
1392 2071 1582 2139 ‹lefendens
1602 2071 1831 2162 pudiciciam,
1866 2095 1948 2140 vere
1968 2072 2132 2141 defensor
2151 2069 2221 2139 snit
2242 2080 2278 2138 et

1290 2186 1382 2241 recte
1397 2173 1495 2255 fecit,
1519 2195 1669 2264 eumque
1688 2196 1761 2240 non
1777 2172 1910 2262 privata
1925 2174 2114 2264 cupiditas,
2140 2173 2198 2238 sed
2221 2171 2277 2239 lex

1290 2274 1439 2343 armavit
1459 2275 1551 2363 ipsa,
1592 2297 1681 2365 quae
1709 2273 1747 2341 in
1771 2274 1832 2342 tali
1855 2297 1958 2343 causa
1968 2273 2221 2344 defensionem
2243 2269 2276 2339 ei

1289 2375 1460 2446 concedit.
1519 2372 1639 2461 Quare
1664 2386 1697 2442 et
1718 2372 1858 2443 Marius
1881 2376 2135 2445 adolescentem
2159 2371 2289 2453 absol·¹

1289 2477 1339 2545 vit
1364 2477 1465 2568 eique
1487 2475 1704 2565 inspectante
1727 2475 1878 2544 exercitu
1901 2500 2067 2547 coronam
2097 2471 2278 2564 imposuit,

1288 2601 1367 2646 cum
1384 2577 1526 2668 quidem
1543 2577 1713 2645 exercitus
1731 2589 1826 2646 totus
1843 2576 2025 2650 manifesto
2040 2578 2167 2670 plausu
2179 2571 2277 2643 indi-

1287 2678 1381 2746 cium
1397 2678 1651 2765 comprobaret.

1388 2793 1495 2882 Quod
1510 2807 1626 2865 antem
1643 2818 1681 2863 ea
1700 2794 1857 2866 defensio
1875 2809 1909 2866 et
1924 2795 2096 2877 vindicta,
2114 2815 2203 2885 quae
2220 2791 2276 2858 le·
2317 2814 2329 2821 ·

1287 2895 1409 2985 gitime
1438 2895 1484 2966 sit
1514 2919 1577 2986 per
1599 2896 1838 2985 magistratus,
1852 2948 1858 2960 .
1873 2910 1933 2967 snt
1958 2895 2115 2990 quaesit
2138 2891 2276 2980 legibus

1284 2998 1575 3080 concedentibus,
1600 2997 1645 3067 sit
1661 3021 1750 3089 opus
1765 2998 1911 3082 iustum,
1936 3022 1976 3066 ex
1992 2992 2059 3065 hoc
2075 2996 2173 3063 fonte
2188 3015 2276 3060 con·

1284 3098 1467 3180 firmatur,
1491 3099 1573 3190 quia
1592 3096 1689 3168 Dens
1711 3098 1883 3191 approbat
1894 3097 2142 3186 Magistraturn
2166 3106 2201 3163 et
2221 3091 2276 3161 le-

1283 3222 1361 3288 gem
1380 3213 1538 3272 naturae.

1385 3313 1496 3385 Aliud
1513 3316 1645 3386 dictum
1668 3315 1773 3389 Rom.
1789 3314 1890 3389 xtlt.
1942 3313 2015 3403 Qui
2036 3311 2197 3404 potestati
2217 3335 2276 3381 re-

1284 3417 1392 3501 sistit,
1418 3414 1484 3485 Dei
1509 3418 1725 3486 ordinationi
1749 3419 1879 3487 resistit
1895 3428 1928 3485 et
1943 3415 2112 3484 iudicium
2130 3413 2199 3483 sibi
2215 3436 2295 3487 ac-.

1284 3516 1405 3610 quirit.
1463 3515 1559 3587 Haec
1582 3519 1754 3587 sententia
1775 3519 1961 3609 praecipue
1982 3517 2123 3585 videtur
2148 3509 2275 3606 probi-

1285 3622 1368 3688 bere
1396 3619 1633 3688 defensionem
1665 3634 1786 3689 contra
1814 3619 2078 3709 Magistratnm3
2112 3618 2171 3685 sed
2198 3616 2274 3709 ipss

1284 3744 1357 3788 sese
1372 3721 1536 3789 declarat.
1589 3719 1693 3789 Vetat
1712 3721 1807 3788 enim
1828 3722 1989 3790 resistere
2005 3719 2043 3788 in
2057 3741 2138 3788 casu
2161 3717 2276 3788 iustae

1286 3820 1558 3904 iurisdictionis,
1582 3821 1663 3913 qnia
1682 3823 1865 3891 manifeste
1886 3821 2023 3913 inquil,
2055 3817 2276 3888 ordinationi

1285 3920 1352 4006 Dei
1368 3922 1506 3993 resistit.
1558 3919 1735 3992 Violentia
1751 3936 1867 3991 autem
1884 3923 2032 4005 iniusta,
2057 3944 2131 3989 non
2147 3932 2200 3990 est
2212 3943 2275 3990 or-

1284 4024 1420 4092 dinatio
1442 4020 1529 4106 Dei,
1550 4035 1590 4092 ut
1606 4019 1791 4107 Thebani,
1816 4048 1896 4092 cum
1918 4033 2144 4092 excusserunt
2162 4017 2276 4091 Lare-

1284 4124 1507 4207 daemonios,
1530 4123 1592 4215 qni
1607 4125 1790 4215 rapiebant
1804 4125 1934 4193 civium
1952 4125 2118 4212 coniuges
2133 4134 2169 4192 ct
2182 4122 2276 4191 libs-

1284 4248 1359 4305 ros,
1384 4249 1459 4293 non
1480 4224 1689 4295 resistebant
1706 4225 1923 4296 ordinationi
1935 4223 2023 4309 Dei,
2048 4222 2109 4294 sed
2124 4222 2277 4293 manife-

1282 4327 1344 4397 stis
1356 4326 1540 4396 furoribus
1556 4323 1700 4396 Diaboli
1713 4340 1750 4397 et
1764 4318 1949 4397 manifesto
1964 4326 2163 4396 latrocinio.

1382 4455 1516 4527 Modus
1541 4471 1657 4526 autem
1680 4457 1810 4552 aliquis
1831 4471 1865 4526 et
1887 4471 1979 4527 meta
2003 4473 2094 4529 certa
2110 4454 2194 4531 huic
2209 4464 2276 4533 ds-

243 4599 318 4645 non
332 4583 443 4653 vetat,
467 4564 655 4660 quominus
670 4559 894 4648 magistratus
916 4555 1019 4626 faciat
1033 4579 1136 4624 snum
1152 4555 1231 4623 offi-
1280 4559 1435 4628 fensioni
1459 4559 1696 4629 constituitur.
1759 4556 1805 4630 Ut
1827 4559 1921 4627 enim
1944 4559 2062 4652 aliqua
2082 4577 2274 4652 parentum

243 4679 358 4758 cium,
390 4681 452 4740 ant
480 4679 518 4736 tu
550 4661 660 4733 utaris
689 4659 844 4749 legitima
869 4655 1086 4728 defensione.
1144 4654 1231 4740 lmo,
1283 4661 1372 4729 vicia
1398 4662 1541 4729 ferenda
1565 4673 1665 4744 sunt,
1699 4661 1746 4730 ita
1770 4661 1908 4751 aliquae
1923 4663 2192 4749 magistratuum
2214 4667 2276 4735 in-

242 4776 329 4848 alibi
351 4766 539 4865 praeripit,
567 4777 608 4834 ut
629 4763 853 4851 magistratus
872 4757 1039 4827 defendat
1060 4757 1232 4826 innocen·
1281 4762 1392 4830 iuriae
1417 4762 1509 4829 leves
1539 4774 1573 4831 et
1594 4762 1631 4828 in
1658 4785 1738 4831 casn
1763 4761 1929 4851 ambiguo
1950 4764 2153 4834 tolerandae
2177 4781 2274 4843 sunt.

242 4896 312 4959 tes,
338 4876 399 4945 sed
424 4872 454 4942 si
476 4866 697 4955 magistratus
720 4863 785 4931 erit
803 4860 1002 4950 negligens,
1028 4871 1089 4929 aut
1103 4862 1230 4927 crude·
1281 4861 1351 4933 Sed
1368 4862 1586 4931 manifestam
1603 4875 1637 4932 et
1649 4876 1800 4932 atrocem
1818 4864 1986 4932 iniuriam
2002 4866 2188 4959 depellere,
2216 4868 2275 4940 in-

240 4984 304 5062 lis,
330 4991 370 5047 ut
383 4970 539 5044 Ecclesia
561 4967 768 5058 plerumque
785 4963 918 5031 tristem
935 4959 1137 5030 servitutem
1153 4983 1229 5028 sns-
1280 4978 1372 5033 stum
1399 4962 1584 5055 est·,'qnia
1603 4964 1710 5032 talem
1728 4965 1968 5034 defensionem
1992 4958 2045 5034 lex
2070 4982 2217 5039 naturae
2238 4984 2275 5043 et

240 5085 348 5163 tinet,
372 5095 495 5146 rursus
517 5069 617 5137 iubet
631 5059 812 5147 Christus,
834 5076 873 5134 ut
897 5062 1060 5131 obvectas
1084 5074 1118 5130 et
1141 5064 1244 5130 alte-.
1280 5064 1549 5154 Magistratuum
1575 5064 1667 5152 leges
1691 5067 1786 5156 ipsae
1810 5069 2018 5137 concedunt.
2068 5067 2184 5162 Supra
2207 5097 2275 5143 au-

238 5208 314 5255 ram
327 5175 527 5254 maxillam,
549 5169 585 5238 id
602 5177 708 5236 estut
723 5159 813 5235 hanc
829 5162 997 5233 iniuriam
1015 5186 1157 5256 qunque
1174 5177 1229 5232 to·
1280 5181 1348 5236 tem
1365 5168 1498 5236 dictum
1515 5178 1583 5249 est,
1595 5191 1668 5235 non
1683 5168 1817 5236 aboleri
1837 5169 1873 5234 in
1884 5165 2076 5258 Evangelio
2094 5172 2188 5262 leges
2207 5198 2276 5245 na·

236 5286 326 5355 leres
347 5288 491 5371 propter
505 5269 642 5352 Deum,
668 5280 703 5336 et
725 5265 813 5334 scias
835 5277 869 5334 te
889 5277 1033 5355 propter
1048 5263 1228 5334 calamita·
1278 5283 1376 5339 turae
1391 5282 1424 5336 et
1441 5268 1531 5356 leges
1548 5269 1813 5356 magistratuum
1831 5293 1909 5337 cum
1928 5270 2004 5338 iure
2020 5285 2165 5344 naturae
2183 5301 2276 5347 con-

237 5401 307 5458 tem
331 5405 406 5452 non
427 5376 604 5448 abiectum
621 5391 695 5438 esse
709 5390 729 5438 a
743 5363 841 5448 Deo,
862 5365 952 5436 sient
966 5366 1057 5437 ratio
1071 5360 1226 5438 humana
1277 5369 1483 5456 sentientes,
1516 5381 1557 5439 ut
1579 5369 1670 5440 iuste
1700 5371 1861 5442 fecerunt
1889 5369 2129 5446 interfectores
2153 5373 2275 5448 Aure-
