4748 6022
131 377 134 380 ·
183 333 258 407 219

186 499 253 571 No.
277 450 390 572 8540.

193 595 405 630 W
1000 581 1172 611 Μ

516 689 579 777 Ie.
608 689 857 774 Matttesto.

253 845 367 928 epten.
380 853 472 911 usn.
489 870 515 923 p.
530 853 574 910 ss.
594 853 671 920 (eutr.
688 851 777 907 nont.
794 851 842 904 os.
856 850 891 907 n.
911 868 955 920 ep.
973 850 1036 920 te).

386 1025 442 1099 D.
463 1021 681 1097 Iohanni
704 1017 986 1094 Matthesio.

187 1166 230 1256 S.
251 1177 302 1253 D.
355 1176 519 1247 Servabit
542 1172 636 1242 Deus
657 1169 851 1240 Ecclesiam
872 1196 972 1241 suam
996 1171 1088 1241 inter
1111 1171 1181 1241 ssu-

189 1299 266 1357 ctus
281 1279 534 1372 imperiorum,
561 1288 600 1344 ut
622 1272 773 1343 servavit
796 1273 835 1340 in
852 1272 943 1344 mari
958 1275 1068 1343 rubro
1084 1273 1181 1341 ince-

189 1389 330 1457 dentem
362 1381 454 1447 inter
483 1378 660 1446 undarum
695 1388 855 1459 montes,
904 1375 1042 1444 etiamsi
1075 1374 1180 1443 multi

102 1483 106 1489 ’
190 1488 296 1558 etiam
320 1481 595 1568 castigabuntur.
644 1474 735 1544 Nam
759 1487 793 1544 et
813 1475 1181 1566 nosmnltispeccatis
1255 1504 1264 1519 ·

189 1603 224 1659 et
252 1584 425 1655 scandalis
446 1580 561 1651 Deum
592 1577 818 1646 offendimus.
880 1578 1047 1647 Dicamus
1073 1576 1180 1664 igitur

188 1714 269 1762 cum
292 1684 458 1755 Daniele:
492 1676 586 1748 Tibi
599 1674 762 1747 Domine
786 1675 954 1762 iustitia,
981 1674 1087 1746 nobis
1110 1701 1179 1746 oo-

188 1798 257 1859 tem
282 1782 450 1882 confusio
464 1778 586 1878 faciei
604 1787 761 1849 nostroe.
813 1779 881 1849 Sed
900 1793 938 1848 tu
954 1792 1097 1872 propter
1113 1803 1180 1847 no-

186 1888 295 1959 minis
318 1886 371 1955 tui
395 1885 562 1972 gloriam,
590 1893 623 1949 et
648 1894 791 1970 propter
807 1879 940 1949 Filium
956 1894 1056 1950 tuom
1076 1883 1180 1949 mise-

187 1989 297 2060 rearis
318 1985 449 2066 nostri,
483 1995 517 2050 et
537 2004 657 2071 parcas
677 1978 845 2050 Ecclesiis
868 1982 958 2065 tuis,
989 1994 1024 2050 et
1050 2003 1180 2070 poenas

187 2089 338 2177 mitiges.
399 2082 504 2172 Quod
537 2082 646 2171 igitur
667 2082 730 2152 tali
754 2097 915 2185 tempore
932 2107 1007 2151 non
1029 2084 1179 2152 discedis

188 2191 313 2268 istinc,
339 2185 546 2275 gravitatem
567 2196 665 2252 tuam
691 2184 815 2268 laudo,
840 2185 901 2252 sed
918 2197 1038 2254 tamen
1054 2180 1180 2253 dehac

774 314 1210 394 EPISTOLARUM
1264 321 1448 397 LlB.X.
1506 320 1640 398 1646.

1015 487 1184 573 Μ...
1624 438 1629 445 “

2148 338 2226 410 220

1230 505 1265 560 et
1279 492 1373 563 videt
1390 481 1570 563 Corolom
1587 517 1670 570 esse.
1701 494 1792 568 Cum
1806 511 1922 566 autem
1937 500 2123 571 sublevare
2139 525 2224 573 eum

1228 594 1353 677 vellet,
1383 596 1479 665 videt
1501 597 1643 688 penitus
1666 598 1844 687 demergi,
1869 613 1903 667 et
1919 625 2094 691 emergere
2114 627 2223 694 super

1229 717 1337 785 aquas
1355 697 1444 765 duos
1459 699 1610 766 annulos
1625 701 1869 788 magnitudine
1886 714 1922 770 et
1937 702 2045 790 ligura
2062 705 2084 772 d
2137 705 2162 771 ir
2173 705 2222 763 ⁴·-

1231 796 1290 864 les.
1342 792 1452 866 Aliud
1478 793 1605 870 hebuit
1625 802 1815 874 somnium.
1861 799 1951 871 Cum
1974 798 2087 870 Ioacl
2134 844 2150 870 t·

1230 896 1268 963 in
1285 922 1363 966 arce
1378 901 1529 990 quadam
1545 901 1622 986 suit,
1643 917 1676 971 et
1690 903 1938 992 interpretatus
1956 919 2005 973 est
2022 901 2086 971 Phi

1230 995 1488 1072 Demosthenis.
1538 997 1627 1070 Cum
1651 1017 1766 1073 autem
1791 1027 1871 1073 casu
1896 1005 2066 1096 prospicit

1230 1099 1269 1165 in
1298 1100 1441 1185 Albim,
1485 1100 1583 1170 videt
1616 1127 1695 1172 eum
1727 1105 1840 1172 multo
1869 1131 2010 1174 manare
2038 1130 2072 1173 sa

1230 1199 1327 1269 Haec
1352 1203 1483 1285 recito,
1510 1201 1699 1293 quiescis,
1725 1205 1970 1275 divinatricem
1994 1222 2077 1275 nats

1229 1300 1297 1371 hoc
1311 1301 1458 1371 Daniele
1477 1317 1610 1372 nostro.

1326 1403 1485 1493 Podagra
1512 1429 1589 1473 mea
1608 1426 1666 1471 me
1689 1425 1833 1494 prorsus
1855 1407 1936 1478 lecit
1957 1433 2059 1477 suom
2087 1454 2095 1474 .

1229 1528 1338 1593 prum.
1404 1503 1560 1588 Dubito,
1593 1529 1639 1574 an
1659 1529 1817 1598 unquam
1841 1508 1907 1574 sim
1933 1512 2128 1599 prodituru.

1230 1617 1411 1675 tentantur
1433 1607 1614 1696 paullatim
1638 1606 1740 1701 digiti
1755 1632 1914 1700 quoque,
1943 1605 2006 1679 bos
2021 1613 2137 1681 lentus

1229 1731 1308 1774 mor
1331 1708 1455 1798 implet
1478 1722 1511 1777 et
1536 1707 1675 1798 ineptos
1696 1709 1780 1777 facit
1804 1712 2017 1785 admotum.
2069 1710 2129 1782 Tu
2151 1738 2183 1802 p.

1229 1832 1286 1876 me
1296 1807 1410 1878 Deum
1427 1833 1499 1893 ora,
1519 1809 1608 1878 sicut
1622 1831 1685 1897 ego
1702 1810 1861 1901 quotidie
1878 1826 2001 1901 prote.
2037 1810 2134 1882 lutra
2151 1813 2216 1882 tri·

1230 1912 1339 1978 derum
1368 1911 1550 1980 conterent
1574 1909 1687 1978 nostri
1709 1925 1819 1979 castra
1838 1913 1958 1980 castris
1973 1910 2219 1986 Caesaris.·³-

1230 2049 1277 2064 -
1302 2009 1612 2082 DataeDominica
1631 2026 1712 2081 ante
1727 2007 1989 2083 Bartholomaei
2009 2014 2102 2089 1546
2120 2007 2192 2109 ⁴⁵⁹).
2248 2029 2270 2045 ““

2107 2247 2218 2257 m

187 2317 226 2362 re
242 2293 370 2361 iterum
384 2285 573 2355 deliberari
590 2285 729 2375 poterit.
755 2283 871 2353 Tuam
885 2282 1083 2375 Epistolem
1097 2287 1181 2353 mit·
1273 2322 1275 2326 ι

188 2409 280 2476 tam,
305 2390 350 2458 ad
371 2389 503 2454 amicos
526 2379 709 2480 Lipsicos.
759 2381 814 2453 De
836 2387 929 2454 bello
946 2382 1182 2469 nihilscribo,

188 2494 280 2576 nisi,
312 2489 407 2581 quod
430 2487 535 2568 facis,
561 2499 602 2555 ut
615 2486 807 2572 coniungas
822 2498 881 2555 tua
898 2500 978 2556 vota
996 2512 1075 2555 cum
1092 2488 1181 2555 alio-

189 2617 270 2664 rum
294 2592 432 2680 piorum
455 2586 565 2671 votis,
592 2599 631 2654 ut
648 2584 744 2655 Deus
767 2588 826 2655 det
843 2587 973 2655 exitum
991 2582 1073 2656 huic
1086 2589 1181 2658 hello

189 2695 377 2765 salutarem
398 2685 575 2758 Ecclesiae
599 2709 691 2755 suae.
748 2684 845 2756 Bene
869 2703 903 2757 et
926 2689 1074 2758 feliciter
1095 2690 1182 2777 vale.

188 2795 258 2868 Die
278 2792 339 2863 20.
355 2777 530 2879 Augusti,
552 2812 623 2880 quo
642 2788 797 2878 primum
812 2790 896 2858 veni
911 2782 1086 2884 Dipsium
1102 2806 1182 2861 ante

191 2918 303 2964 annos
318 2892 379 2963 28.
421 2889 534 2982 ¹Mitto
552 2889 620 2959 tibi
636 2889 799 2979 pagellas,
827 2914 976 2982 quarum
993 2891 1096 2962 lectio
1109 2894 1183 2961 for-

189 2995 291 3067 tassis
306 2991 485 3084 aliquibus
500 2990 568 3080 piis
583 3003 680 3077 grata
695 2990 772 3063 erit.
811 2990 1083 3087 Qualescunque
1098 2993 1185 3063 belli

191 3097 249 3164 vel
269 3116 391 3163 causae
415 3103 519 3173 sunt,
544 3092 600 3157 vel
622 3104 767 3160 eventus
789 3108 913 3174 erunt,
939 3118 1014 3162 nou
1035 3096 1102 3164 erit
1120 3095 1184 3164 ab·

191 3197 344 3265 iieienda
363 3190 431 3262 Dei
455 3191 644 3263 invocatio.
695 3189 779 3262 ldeo
796 3191 994 3266 Dominum
1017 3197 1183 3267 colamus.

190 3296 289 3366 Bene
303 3294 397 3376 vale,
420 3305 454 3362 et
469 3292 630 3364 rescribe.
757 3324 764 3333 ·
1177 3329 1187 3344 ι

139 3632 140 3637 ¹
193 3677 391 3756 nosen.

201 3776 371 3808 Μ

1026 3700 1084 3760 22.
1101 3692 1185 3778 Aug.

362 3876 420 3964 V.
438 3876 689 3962 Theodorus
707 3879 769 3963 ad
784 3880 1023 3972 Brentium.

263 4038 405 4111 Quaedam
432 4057 464 4092 ex
488 4055 501 4090 e
522 4036 566 4091 ist.
585 4036 641 4092 Viti
659 4038 798 4094 'l’lteodori
822 4042 854 4096 ad
875 4043 1034 4113 Breutium,
1064 4047 1134 4103 edite
1158 4051 1185 4103 in

298 4105 470 4188 &trebete
515 4110 625 4175 etttttqen
639 4111 830 4190 restituetur,
849 4112 876 4165 2.
891 4113 941 4180 zi).
962 4133 989 4183 p.
1002 4114 1062 4169 tes.
1079 4149 1115 4162 -
1140 4117 1185 4171 tn-

297 4176 413 4258 serenda
431 4175 475 4256 lue
493 4194 550 4255 erse
569 4184 659 4244 putare
678 4195 724 4245 ea,
758 4195 826 4248 quae
850 4180 927 4234 Vltus
947 4184 981 4235 de
1002 4185 1187 4240 Melanthonis

296 4264 410 4300 somnus
424 4252 547 4326 sempsit,
571 4261 694 4324 quaeque
710 4244 781 4326 haud
795 4247 876 4302 dubie
890 4250 976 4305 heusit
989 4253 1029 4306 rel
1042 4272 1072 4307 ex
1085 4257 1187 4326 episto·

296 4310 670 4452 lacbrlplcaipfflnpgcaeqppsum
686 4313 765 4366 nobes
779 4332 835 4369 non
850 4328 970 4388 serrata,¹
981 4321 1021 4375 vel
1033 4340 1064 4375 er
1076 4325 1188 4396 epistola

267 4548 402 4640 (Vitus
423 4548 643 4627 Theodorus
668 4550 724 4625 ad
743 4550 808 4631 Io.
833 4551 1111 4661 Brentium.)

195 4743 247 4761 .-
279 4742 331 4754 --
362 4697 550 4794 Philippus
576 4707 780 4777 alacerrimo
808 4723 860 4779 est
883 4711 1014 4787 animo.
1072 4715 1190 4794 Habet

196 4805 334 4874 somnia
346 4803 468 4875 fausta.
520 4804 613 4876 Cum
627 4802 822 4880 Michaete
840 4803 877 4904 *)
897 4813 1012 4884 scriba
1029 4814 1189 4892 Northu-

165 4901 179 4932 ’
196 4930 282 4977 sano
300 4904 396 4975 visus
411 4903 482 4974 sibi
499 4919 550 4976 est
565 4910 745 4980 ambulare
761 4937 825 5005 per
839 4915 1001 5005 plateam,
1027 4917 1065 4988 in
1083 4947 1189 5016 quam

196 5008 334 5078 rivulus
364 5007 495 5110 labitur
522 5004 752 5086 Ratisbonae.
813 5012 869 5085 lbi
891 5018 989 5089 videt
1011 5026 1187 5114 quendam

197 5108 430 5181 submersum.
490 5106 612 5196 Quum
634 5113 767 5181 accedit
788 5118 952 5208 propius,
984 5126 1189 5214 cogniturus

196 5209 275 5302 quis
297 5209 359 5292 sit,
385 5210 558 5280 deseritur
579 5205 794 5283 aMichaele
808 5233 959 5307 pavente
971 5237 1006 5296 et
1019 5224 1188 5316 fugiente,

229 5469 259 5535 ¹⁹¹)
277 5454 485 5540 Meyeoburglo.

1007 3782 1178 3815 m
1188 3789 1191 3792 '

1230 2392 1296 2463 No.
1313 2390 1425 2467 3542.

1238 2488 1409 2519 m

1500 2595 1651 2680 Ioarit.
1685 2590 1944 2680 Camerario.

1300 2745 1385 2820 Epist.
1398 2748 1431 2803 ad
1447 2747 1584 2806 Camerar.
1606 2767 1636 2822 p.
1648 2750 1697 2804 557
1710 2767 1751 2820 sq.
1771 2749 1827 2818 (ed.
1840 2748 1930 2804 Loud.
1949 2746 1996 2802 lib.
2009 2747 2056 2802 lV.
2075 2764 2119 2816 ep.
2134 2745 2223 2816 iob).

1232 2897 1457 2976 Clarissimo
1483 2905 1560 2977 viro
1583 2902 1783 2977 eruditione
1806 2916 1837 2976 et
1860 2904 1991 2975 virtute
2010 2902 2224 3002 praestanti

1232 3002 1261 3076 I
1265 3001 1476 3078 oachimo
1500 2999 1621 3085 Cam.
1646 3004 1784 3082 Bamb.
1811 3008 1930 3078 amico
1956 3016 1987 3076 et
2007 3004 2135 3104 fratri
2158 3030 2226 3076 suo

1659 3133 1788 3184 eoress.

1232 3238 1277 3330 S.
1304 3255 1349 3332 D.
1400 3256 1486 3331 Fuit
1508 3255 1565 3330 his
1589 3261 1713 3331 diebus
1737 3259 1923 3329 nobiscum
1939 3254 2224 3327 iurisconsultus

1232 3359 1575 3448 Francofordianus,
1599 3362 1664 3456 qui
1681 3360 1926 3430 annotationes
1944 3357 2069 3427 veteris
2087 3355 2224 3428 Romae

1234 3461 1301 3533 tibi
1317 3477 1351 3533 et
1366 3459 1454 3531 mihi
1468 3465 1624 3536 donavit·
1675 3459 1878 3533 Delectatus
1891 3483 1966 3528 sum
1980 3481 2053 3526 non
2070 3473 2140 3528 tam
2158 3483 2224 3527 ru·

1234 3564 1379 3633 deribus
1395 3567 1527 3648 ceteris,
1552 3588 1656 3657 quam
1670 3565 1808 3653 pictura
1822 3560 1978 3634 Romani
1992 3560 2099 3648 pedis,
2122 3559 2224 3628 cuius

1235 3667 1300 3734 etsi
1319 3666 1387 3733 alia
1403 3665 1561 3756 exempla
1579 3666 1684 3735 ctiam
1701 3660 1891 3748 habemus,
1915 3676 2032 3732 tamen
2047 3655 2114 3728 hoc
2131 3684 2225 3753 quo·

1235 3791 1303 3859 que
1318 3765 1438 3835 videre
1454 3780 1592 3855 gratum
1607 3765 1686 3836 tuit.
1720 3763 1831 3855 Spero
1848 3759 1939 3833 hanc
1953 3763 2062 3854 ipsam
2078 3763 2125 3830 ob
2141 3785 2226 3830 cau-

1234 3892 1307 3936 sam
1325 3867 1389 3936 tibi
1402 3892 1543 3960 quoque
1558 3867 1719 3935 libellum
1734 3865 1983 3935 iucundiorem
1997 3863 2084 3935 fore.
2109 3860 2227 3932 Affcrt

1235 3982 1350 4038 autem
1374 3961 1514 4036 Perseus
1536 3981 1570 4038 et
1591 3967 1765 4052 Psalmos,
1800 3990 1888 4058 quos
1906 3955 2081 4057 Crociger
2100 3962 2227 4032 inscri-

1238 4071 1306 4163 psit
1320 4063 1506 4150 Bornero,
1539 4094 1629 4164 quos
1650 4084 1692 4141 ut
1714 4069 1745 4137 ei
1766 4064 1929 4137 exhibeas
1949 4080 1984 4135 te
2004 4067 2106 4135 etiam
2121 4077 2228 4156 atque

1236 4172 1339 4240 etiam
1359 4197 1435 4246 oro.
1462 4171 1705 4265 Quaecunque
1720 4182 1825 4240 erunt
1841 4168 1964 4237 ruinae
1980 4165 2229 4258 lmperiorum,

1235 4286 1353 4343 tamen
1369 4299 1434 4344 nos
1449 4287 1483 4353 et
1493 4271 1670 4343 Ecclesiae
1683 4291 1902 4352 consensum,
1922 4283 1956 4338 et
1970 4269 2123 4359 privatas
2137 4266 2229 4335 arui-

1236 4375 1334 4443 citias
1361 4391 1540 4462 tueamur,
1572 4398 1642 4466 qua
1669 4374 1713 4440 de
1743 4394 1781 4439 re
1809 4370 1915 4440 multi
1946 4369 2017 4437 mei
2048 4388 2228 4437 sermones

1237 4476 1342 4545 etiam
1363 4491 1444 4548 ante
1464 4472 1530 4547 hos
1551 4487 1668 4544 motus
1689 4474 1843 4542 suerum.
1894 4470 1965 4542 Sed
1988 4473 2058 4540 lata
2076 4466 2231 4538 Germa·

1238 4564 1334 4646 niam
1351 4592 1494 4669 urgent,
1519 4598 1608 4669 quae
1621 4589 1662 4644 ut
1678 4571 1774 4643 Deus
1787 4572 1941 4662 mitiget,
1970 4570 2118 4640 assiduis
2136 4569 2230 4641 votis

1238 4693 1409 4769 petamus.
1450 4676 1522 4747 Nec
1536 4689 1641 4746 erunt
1658 4676 1758 4744 irrita
1775 4687 1856 4743 vota
1870 4672 2046 4743 Ecclesiae
2064 4685 2146 4741 tuae
2163 4673 2231 4741 do-

1236 4781 1408 4848 mesticae.
1466 4774 1617 4872 Aliquid
1642 4790 1720 4867 ate
1746 4777 1941 4844 litterarum
1966 4786 2129 4863 expecto,
2164 4772 2232 4844 etsi

1236 4874 1314 4949 heri
1349 4879 1509 4970 promisi‘
1520 4877 1580 4954 Pr.
1606 4874 1791 4962 Asconio,
1832 4874 1932 4946 brevi
1957 4896 2013 4940 me
2039 4886 2169 4970 tecum¹
2184 4873 2232 4943 ad

1236 4980 1353 5072 ipsum
1385 4997 1577 5052 venturum
1612 5006 1697 5054 esse.
1756 4977 1853 5048 Bene
1886 4975 1964 5045 vale
1997 4986 2031 5044 et
2063 4973 2234 5059 rescribe,

1238 5078 1318 5154 vlt.
1331 5078 1406 5155 Cal.
1421 5081 1599 5177 Septemb.

1800 5174 1989 5270 Philippus
2005 5169 2178 5248 Melanth.

1239 5305 1457 5320 w

1271 5399 1303 5468 *)
1321 5402 1488 5460 camerario.

1271 5482 1321 5557 ”l
1339 5489 1357 5545 l.
1370 5508 1395 5547 e.
1413 5489 1442 5550 d.
1456 5490 1500 5548 22.
1512 5489 1584 5561 Aug.
