4748 6022
169 422 247 501 95⁷
739 412 1179 495 Erlsnonaltum
1236 414 1345 497 ΗΒ.
1377 415 1444 497 xl.
1497 414 1630 496 154&
2135 422 2211 499 958

170 590 369 721 Q.
1009 598 1069 663 80.
1084 590 1156 657 Iun.
1214 590 1385 675 movebo,
1410 589 1442 659 si
1461 589 1525 661 alii
1548 588 1675 663 volunt
1688 600 1825 663 mutme
1839 587 2033 666 Ecclesiae:
2058 596 2118 665 sed
2132 594 2208 665 dis-

988 682 1162 716 „
1215 692 1356 777 cedam,
1379 688 1455 762 Deo
1482 691 1718 781 gubernante,
1743 693 1783 762 in
1811 694 1881 765 alia
1903 694 1997 766 loca:
2023 697 2106 791 quia
2129 718 2207 767 sae-

480 780 530 871 G·
560 779 863 870 Buchlwlzem.
1213 790 1353 878 vitiam,
1394 815 1485 885 quae
1512 792 1724 883 suscipietur
1745 796 1913 866 adversus
1935 796 2013 889 pios
2036 809 2206 889 pastores,

1213 916 1437 986 nequaqnam
1466 893 1634 963 adiuvare
1667 893 1763 968 volo.
1823 892 1922 966 Bene
1955 897 2079 971 valete.
2135 894 2205 968 Die

1214 992 1325 1063 natali
1338 992 1448 1068 Ducis
1459 987 1622 1067 Ioannis
1635 987 1825 1065 It'ridcrici
1830 1048 1842 1087 ,
1867 995 1952 1071 iusti
1973 1012 2008 1071 et
2028 994 2203 1093 piiPrin·

172 1117 372 1215 Georgio
411 1109 761 1288 Buchlscplzcro,
803 1115 1016 1217 praeposito
1046 1114 1166 1194 Bm,
1214 1094 1313 1187 cipis.

453 1258 458 1267 ,
612 1241 744 1306 coensi,

274 963 374 1021 Manlii
389 962 488 1033 temp.
504 976 534 1029 p.
546 958 648 1033 294⁸sp

169 1352 216 1444 S.
237 1363 289 1486 l).
338 1362 638 1484 Reverendepir,
659 1378 694 1436 et
710 1366 822 1437 amice
836 1362 1052 1472 charissime.
1084 1364 1164 1443 Etsi
1211 1411 1279 1488 No·
1292 1410 1407 1490 ΜΒ.
2023 1424 2089 1507 (α
2103 1421 2190 1508 Iun.)

169 1471 326 1543 arbitror
346 1490 411 1537 vos
431 1490 502 1535 ram
521 1467 652 1536 vrdrsse
668 1469 869 1561 exemplum
885 1483 1026 1541 nostrae
1040 1471 1164 1541 admo-
1216 1510 1390 1544 vona
2021 1514 2194 1565 W

169 1569 319 1643 nitionis
349 1567 393 1637 de
419 1567 513 1637 libro
539 1562 767 1658 Augustano,
806 1570 956 1662 scriptae
982 1573 1164 1644 communi
1398 1592 1602 1709 cmm-ge,
1620 1593 1684 1681 ad
1701 1593 2010 1687 semmam

169 1668 423 1746 deliberatione
445 1668 601 1739 breviter
618 1681 654 1739 ct
669 1670 840 1743 modeste:
865 1683 984 1743 tamen
1000 1672 1084 1767 qnia
1102 1697 1163 1764 pe-

167 1772 315 1855 tivistis,
345 1770 460 1843 mitto.
519 1768 593 1840 Nec
619 1767 793 1860 prohibeo
822 1773 963 1843 ostendi
986 1774 1163 1861 omnibus,
1310 1756 1419 1832 δῶμ’
1433 1757 1511 1831 publ.
1527 1758 1614 1819 Μ·
1626 1758 1707 1817 Μ·
1724 1761 1759 1820 Τ·
1772 1762 1796 1817 ¹·
1813 1763 1914 1834 l’·²¹⁶·

168 1876 231 1972 qui
247 1874 368 1943 videre
382 1870 522 1943 volunt.
573 1868 649 1941 lmo
667 1873 889 1943 doctissimos
904 1875 1000 1944 viros
1016 1874 1055 1943 in
1068 1870 1163 1946 Aca·
1207 1908 1247 1986 R
1285 1923 1299 1987 ι
1374 1910 1411 1987 Α
1454 1913 1497 1989 ὼ
1544 1914 1553 1933 ·
1625 1911 1759 1992 W&
1803 1906 1841 1992 C
2081 1912 2118 1998 C

166 1975 283 2049 demia
303 1964 638 2069 Francosordiana
659 1972 793 2045 iudices
813 1983 893 2044 esse
909 1976 1013 2046 facile
1034 1976 1161 2066 patior.
1249 1937 1285 1987 ιι
1300 1939 1343 1988 θ’
1410 1940 1452 1988 ⁶⁰
1497 1938 1595 2090 mg?
1620 2040 1666 2091 Η
1688 1942 2048 2093 ’ἵοαοξψσω
2120 1946 2199 1995 'u'

166 2078 240 2151 Nec
262 2074 387 2145 dubito
411 2074 530 2142 virum
551 2074 786 2145 clarissimum
807 2072 853 2145 D.
871 2078 1051 2148 doctorem
1068 2076 1161 2147 His·
1583 2042 1613 2113 ὅ
1676 2073 1688 2107 ’
1860 2069 1872 2095 ’

169 2198 375 2272 rotumum,
396 2176 440 2244 de
455 2173 704 2246 iustificatione
718 2177 999 2249 desideraturum
1012 2178 1052 2247 in
1065 2179 1160 2249 libro
1207 2156 1368 2260 Querela
1382 2168 1542 2239 adfertur
1556 2167 1602 2238 fid
1617 2192 1694 2255 ¹¹⁰³,
1718 2194 1892 2243 ‘mltum
1908 2167 2198 2247 Scholaslitomm

166 2278 375 2369 Augustano
398 2274 648 2354 sinceritatem.
713 2276 895 2349 Mitterem
921 2291 956 2349 et
976 2281 1093 2373 ipsum
1113 2280 1160 2349 li·
1207 2268 1373 2361 impediri
1389 2293 1468 2355 eos,
1493 2270 1556 2365 qui
1570 2266 1753 2342 machinas
1768 2274 1925 2346 evecturi
1942 2288 2042 2363 sunt,
2067 2276 2198 2372 etqui·
2261 2336 2264 2341 .

165 2384 272 2453 hrum
298 2374 566 2468 Augustanum,
606 2378 638 2448 si
668 2378 773 2470 plura
798 2380 957 2471 exempla
981 2376 1160 2457 haberem.
1206 2372 1357 2444 busdam
1378 2370 1528 2442 iniurias
1550 2370 1637 2446 fieri.
1687 2368 1768 2444 Etsi
1780 2397 1843 2446 suo
1860 2399 2025 2471 quenqne
2038 2378 2197 2469 periculo

166 2482 238 2556 sed
261 2475 351 2548 mihi
375 2478 526 2563 credite,
559 2479 670 2550 multa
692 2480 810 2551 sutilia
836 2476 1051 2573 sophismata
1073 2482 1160 2554 libri
1206 2471 1343 2544 moveri
1362 2474 1568 2564 oportebat,
1593 2495 1639 2541 ne
1653 2473 1699 2541 ad
1714 2474 1813 2545 illam
1829 2477 2122 2550 transvectionem
2137 2503 2196 2551 ac·

166 2578 366 2671 Augustani
385 2601 531 2671 prorsus
546 2602 621 2648 non
635 2578 747 2671 attigi.
798 2576 897 2673 Opto
911 2597 947 2655 et
962 2605 1026 2674 ego
1039 2605 1159 2674 pacem
1205 2573 1363 2659 cederet,
1385 2576 1432 2644 ad
1453 2594 1560 2667 quam
1575 2567 1732 2664 hospites
1747 2572 1902 2650 adhibiti
1917 2593 2017 2665 sunt,
2042 2581 2105 2673 qui
2120 2604 2196 2651 non

165 2696 201 2754 et
214 2679 441 2752 concordiam
456 2674 706 2754 Ecclesiemm.
744 2679 813 2753 Sed
829 2684 921 2753 liber
930 2681 1160 2773 Augustanus
1205 2675 1413 2746 discernunt
1432 2669 1658 2745 scholasticos
1677 2698 1698 2744 a
1712 2678 1857 2748 caeteris
1862 2732 1873 2765 ,
1900 2691 2019 2749 tamen
2034 2704 2114 2752 cnm
2128 2684 2196 2752 ali-

165 2807 231 2854 nec
255 2782 301 2851 ad
324 2779 530 2861 veritatem,
560 2801 626 2848 nec
644 2782 690 2850 ad
711 2784 938 2852 concordiam
960 2784 1028 2854 erit
1047 2784 1158 2867 utilis,
1205 2776 1269 2872 qui
1291 2776 1347 2846 vel
1365 2773 1499 2846 incauti
1518 2774 1576 2844 vel
1599 2774 1798 2867 petulantes
1813 2793 2019 2869 accurrant,
2043 2783 2193 2853 manda-

165 2898 206 2957 ut
221 2882 404 2975 aliquanto
421 2890 501 2970 post
517 2900 574 2950 res
589 2879 666 2973 ipsa
679 2881 852 2953 ostendet.
906 2882 1031 2955 Meum
1048 2884 1159 2974 igitur
1203 2901 1284 2948 mus
1306 2874 1541 2962 severissime,
1573 2897 1619 2945 nc
1642 2875 1724 2968 quis
1744 2873 1973 2953 scholasticus
1994 2886 2135 2956 accedat
2148 2884 2196 2955 ad

165 2984 352 3059 consilium
376 3002 419 3051 eo
434 2991 585 3072 spectat,
609 2994 650 3052 ut
664 3004 745 3053 cum
759 2976 825 3053 bae
839 2983 917 3066 via,
942 3008 1050 3079 quam
1065 2986 1159 3057 liber
1203 2978 1303 3050 illam
1316 2980 1457 3051 turbam
1474 2969 1777 3049 transvehentinm
1793 2976 1994 3070 machinas,
2019 3008 2085 3055 nec
2100 3007 2137 3055 se
2153 2986 2194 3055 in
2222 2992 2225 2998 '

164 3084 394 3177 Augustanus
414 3081 602 3174 proponit,
627 3105 702 3153 non
725 3084 836 3175 possit
857 3086 921 3156 illa
935 3108 1041 3158 aurea
1053 3099 1158 3175 aetas,
1203 3082 1282 3173 ripa
1303 3081 1448 3151 misceat
1469 3078 1599 3173 aliquis
1618 3078 1853 3159 multitudini.
1907 3080 2130 3156 Parcendum
2154 3110 2194 3157 ea

164 3210 272 3283 quam
303 3183 409 3254 nobis
440 3181 681 3273 pmmiserunt
710 3185 833 3256 literae
864 3189 1089 3281 quorundam
1115 3213 1157 3260 ex
1204 3182 1243 3252 in
1258 3206 1296 3253 re
1311 3194 1363 3252 est
1377 3194 1412 3253 et
1425 3180 1581 3272 privatae
1597 3180 1810 3272 republicae
1824 3184 2073 3258 incolumitati.
2113 3186 2193 3259 llo-

165 3298 342 3361 conventu
368 3282 576 3373 Augustauo
604 3286 772 3377 scriptae,
809 3289 995 3361 constitui:
1035 3290 1157 3382 potius
1202 3298 1301 3355 nesta
1317 3282 1439 3353 civitas
1448 3275 1700 3353 Salveldtnsis
1712 3276 1819 3354 hodie
1831 3287 1964 3377 legatos
1978 3282 2085 3361 habet
2095 3291 2193 3381 apud

162 3390 265 3461 nulla
294 3388 355 3456 fiat
376 3385 525 3455 mutatio
552 3384 592 3453 in
613 3382 783 3458 Ecclesiis
807 3382 933 3461 harum
958 3391 1155 3481 regionum,
1201 3384 1472 3456 invictissimum
1489 3380 1759 3474 Imperatorem,
1783 3388 2009 3481 deprecantes
2022 3412 2088 3480 pro
2104 3390 2193 3460 civi·

162 3514 229 3561 nec
248 3487 428 3581 pellantur
448 3484 501 3579 pii
523 3497 558 3555 et
580 3485 676 3559 docti
697 3503 873 3581 pastores,
904 3515 970 3564 nec
991 3494 1155 3565 turbetur
1199 3501 1291 3571 tate,
1316 3500 1501 3577 propterea
1521 3487 1617 3579 quod
1642 3484 1864 3576 privatorum
1883 3492 2111 3584 quorundam
2128 3514 2192 3584 pe-

163 3589 340 3665 invocatio
356 3586 498 3679 piorum
511 3580 711 3668 hominum.
743 3588 818 3665 Nec
830 3605 948 3665 tamen
960 3594 1152 3667 certamina
1200 3587 1372 3664 tulantiae
1388 3584 1584 3680 Imperator
1597 3585 1773 3665 irascitur.
