4748 6022
1958 171 1984 217 Ι

52 290 127 367 sn
649 282 1083 368 nmssocnsuu
1132 281 1237 362 me.
1261 280 1308 363 x.
1361 282 1491 363 1547.
1575 263 1578 275 “
1864 299 1871 308 ·
1998 237 2104 366 'ese

52 465 242 555 miremur,
267 494 347 540 cum
364 479 460 540 tanta
478 465 523 538 sit
540 465 682 551 levitas,
707 478 779 547 tam
795 463 934 556 ineptae
950 459 1051 552 cupi-
1090 453 1250 542 ,Domini
1273 457 1386 528 nostri
1412 456 1493 530 Iesu
1512 455 1664 547 Christi,
1688 484 1794 557 quem
1818 461 1968 550 oro“,‚ut
1989 467 2095 536 urbes
2155 523 2174 546 .,

54 566 183 640 ditares
198 571 394 641 multorum
408 564 606 661 potentum.
941 554 948 571 '
1100 561 1191 630 bene
1206 575 1359 631 moratas
1376 563 1542 632 defendat
1559 577 1594 633 et
1607 565 1821 652 gubernet..
1858 617 1860 623 ,
1912 647 1935 670 Α

156 669 247 741 Tres
271 697 345 742 non
367 666 483 759 Μηδὶς
507 652 705 738 imgrvaffis
731 660 843 760 hiri
867 677 1049 758 praestan.
1168 734 1173 741 ,
1201 658 1279 732 Etsi
1303 675 1421 733 autem
1447 666 1491 733 de
1506 665 1658 756 publicis
1675 667 1824 757 negotiis
1841 681 1979 739 tantum
1997 690 2100 738 nunc

56 769 124 839 ges·
140 768 169 869 ¹)
185 774 318 844 mortui
332 786 415 843 sunt
430 765 621 852 Widman
630 765 889 858 Cos.Lipsicus,
914 766 1049 839 Doctor
1099 763 1253 834 scribere
1273 787 1346 833 non
1367 788 1530 857 possum,
1556 780 1729 860 quantum
1743 769 1947 858 cupiebam,
1973 783 2091 839 tamen
2126 841 2131 849 .

54 866 202 942 Tarsus
221 887 255 944 et
272 887 355 946 tuus
372 873 498 943 adfinis
511 869 739 968 Hosmanus.
788 866 837 940 Et
852 864 949 940 bunc
966 869 1049 962 qui·
1098 863 1191 935 illud
1214 863 1312 939 scito.
1376 860 1521 937 Certum
1546 882 1615 954 est,
1646 863 1892 938 Macedonem
1913 895 1994 941 cum
2015 868 2092 965 Ly-

56 974 159 1075 dem,
183 975 321 1059 iudico,
345 974 452 1043 fuisse
471 972 590 1043 virum
610 966 821 1055 honestum,
846 972 891 1040 de
906 984 956 1055 te,
982 969 1048 1039 tri-
1098 958 1260 1062 caone*)
1285 968 1329 1035 ad
1356 965 1524 1039 Carolum
1551 968 1678 1062 imper.
1704 973 1902 1062 profectum
1929 995 2020 1056 esse,
2049 996 2090 1042 ac

56 1077 130 1147 duo
152 1091 234 1148 ante
254 1090 404 1146 mortem
425 1097 543 1159 suam,
567 1070 706 1143 mecuin
728 1072 832 1142 valde
853 1067 1048 1142 honorilice
1095 1090 1219 1157 pacem
1254 1068 1457 1157 petiturum.
1522 1068 1649 1143 Postea
1679 1072 1799 1158 aiunt,
1833 1071 2089 1164 Imperatorem

56 1177 197 1247 locutus
219 1172 283 1247 est.
339 1170 378 1247 T
377 1172 458 1245 arci
476 1199 571 1246 arces
594 1177 746 1244 donatae
769 1188 890 1244 sunta
912 1166 1048 1242 Carola
1099 1168 1278 1238 editurum
1302 1171 1596 1261 proscriptionem
1618 1188 1740 1244 contra
1761 1175 1919 1244 civitates
1939 1173 2091 1252 Saxoni-

56 1274 273 1370 lmperatore
285 1274 485 1348 Comitibus
496 1268 860 1372 Mansseidensibas.
885 1271 954 1343 His
969 1287 1049 1343 tan-
1098 1292 1167 1353 cas,
1183 1283 1228 1354 et,
1247 1270 1385 1339 omissis
1400 1272 1649 1343 obsidionibus
1662 1289 1808 1367 propter
1820 1296 1969 1376 moram,¹
1987 1299 2091 1345 man-

55 1393 109 1448 tas
131 1402 215 1470 opes
237 1379 468 1452 coacervarit⁴
525 1373 667 1447 Addam
688 1390 722 1446 et
743 1377 922 1446 somnium
940 1370 1048 1444 huius
1098 1372 1178 1441 data
1195 1373 1362 1440 daturum
1373 1369 1531 1467 Lycaoni
1544 1367 1582 1469 *)
1602 1390 1637 1447 et
1649 1377 1748 1462 aliis,
1772 1390 1813 1448 ut
1827 1377 1985 1448 civitates
1999 1378 2090 1447 vici·
2203 1363 2210 1384 ⁴
2253 1393 2258 1405 ·

56 1481 180 1552 noctis
231 1477 367 1549 Venire
387 1479 424 1547 in
445 1480 617 1568 templum
632 1477 867 1567 Witehergae
887 1470 979 1545 mibi
994 1476 1049 1545 vi·
1100 1494 1163 1540 nas
1197 1467 1374 1574 hostiliter
1403 1488 1549 1557 vexent,
1592 1477 1831 1549 intercludant
1863 1492 2090 1572 commeatus,

55 1582 185 1667 debat,
215 1580 280 1650 ubi
302 1580 492 1651 canebatur
512 1581 616 1651 lectio
640 1574 808 1652 historiae
824 1582 868 1648 de
886 1576 1049 1671 passione
1099 1567 1313 1663 prohibeant
1334 1574 1461 1645 itinera
1484 1576 1627 1652 civium.
1676 1577 1840 1669 Longum
1855 1593 1891 1649 et
1904 1581 2089 1650 exitiosum
2143 1645 2146 1650 .

41 1678 204 1766 ‘Christi
228 1683 291 1752 sed
304 1681 712 1753 ineaclarissima·voce
724 1681 874 1752 sonabat
890 1679 1050 1750 sacerdos
1100 1673 1185 1743 totis
1199 1675 1404 1764 regionibus
1418 1676 1553 1746 bellum
1570 1679 1657 1765 erit,
1676 1656 1711 1780 ii
1729 1676 1814 1750 baec
1828 1682 1923 1754 fient.
1960 1677 2091 1772 *Opta-
2157 1699 2177 1759 ,’

53 1778 148 1851 mihi
166 1798 273 1854 notus
286 1776 373 1852 haec
386 1784 506 1869 verba,
517 1779 754 1873 Evangelium
770 1796 933 1852 nostrum
947 1803 1050 1871 prae·
1099 1776 1168 1843 rim
1189 1775 1317 1864 igitur,
1342 1776 1498 1848 civitates
1517 1793 1553 1853 et
1569 1779 1662 1870 ipsas
1678 1804 1798 1871 pacem
1817 1796 1950 1872 petere,
1968 1806 2091 1874 qnam,
2120 1833 2124 1840 -
2139 1775 2146 1785 ’

57 1885 247 1957 dicabitur.
299 1882 380 1972 Qua
400 1894 503 1976 porta
519 1883 564 1954 sit
580 1907 757 1974 egressum
771 1878 840 1952 boc
857 1882 1048 1961 somnium,
1102 1877 1226 1961 credo,
1250 1901 1305 1945 eas
1330 1897 1431 1966 posse
1445 1880 1682 1951 mediocribus
1698 1881 1963 1952 conditionibus
1979 1885 2121 1973 impe-.
2233 1949 2235 1953 ,
2292 1907 2295 1926 ·

57 1985 189 2059 nescio.
219 1984 289 2056 Sed
305 1985 463 2055 fortassis
475 1999 550 2054 non'
565 1987 632 2057 erit
647 1982 810 2078 ἄσημον.·
837 1982 941 2055 Nunc
957 1995 1050 2052 certe
1102 1989 1206 2051 trare.
1255 1973 1323 2048 Est
1345 1979 1517 2070 sapientia
1538 1985 1733 2073 quaedam,
1760 1976 1812 2075 μὴ
1830 1976 2013 2054 πιστεύειν
2026 1977 2092 2054 rci-

58 2100 250 2159 sonat·vox
267 2084 455 2177 Evangelii
476 2087 515 2154 in
538 2086 614 2178 ipsa
632 2087 805 2176 passione.
854 2080 903 2155 Et
919 2083 1052 2166 Deum,
1099 2103 1168 2170 aa.
1190 2080 1462 2165 considemus,
1487 2083 1841 2172 quoinctinentfan.
1890 2080 2141 2165 Bene.vate.··

26 2202 181 2279 *spero,
211 2184 389 2259 Ecclesiae
417 2192 500 2257 suae
530 2189 737 2258 adfuturum
759 2208 851 2270 esse,
881 2209 947 2255 nec
969 2207 1050 2276 pas-
1105 2176 1229 2248 Ionam
1260 2178 1327 2248 tibi
1360 2185 1590 2282 commendo,
1630 2198 1666 2255 et
1699 2197 1799 2276 peto,
1840 2199 1881 2256 ut
1911 2184 2095 2269 rescribas.

59 2311 200 2373 surum,
231 2301 272 2360 ut
296 2290 522 2378 extinguatur
541 2286 794 2378 Evangelium,
827 2285 983 2369 etiamsi,
1011 2297 1053 2378 ut
1104 2275 1167 2374 (A.
1187 2276 1541 2377 1547.N0nhusae.)
1972 2268 1989 2316 i
2067 2296 2073 2309 ·
2147 2287 2149 2291 '

59 2411 217 2479 semper,
250 2413 334 2459 vera
358 2386 518 2460 Ecclesia
541 2390 678 2460 duriter
701 2387 931 2462 exercebitur.
982 2384 1053 2468 Tu,
1686 2419 1688 2424 ·
1793 2381 1993 2479 Philippus.
2094 2439 2106 2457 ,

61 2503 235 2581 quantum
254 2503 372 2581 potes,
406 2490 619 2580 cogitatione
637 2490 781 2559 divinae
803 2487 996 2558 voluntatis
1019 2498 1059 2554 et>
1980 2485 1989 2503 '

61 2590 243 2660 doctrinae
265 2591 443 2675 coelestis,
467 2592 626 2661 animum
650 2590 861 2661 amnestitia
878 2586 1055 2671 abducito,
1911 2658 1916 2667 ,

45 2693 103 2759 'ut
132 2704 192 2760 tua
224 2692 311 2763 fides
341 2704 376 2760 et
401 2692 512 2762 animi
537 2692 775 2784 tranquillitas
801 2691 906 2761 etiam
930 2686 1055 2760 Eccle-
1107 2719 1173 2791 No·
1194 2719 1306 2790 5921·
1364 2763 1367 2776 Ι
1941 2679 2088 2798 ml&

62 2791 134 2859 siae
150 2785 266 2872 τύπος
281 2792 347 2878 sit,
374 2808 415 2864 ut
429 2790 561 2864 Paulus
577 2794 685 2867 iubet.
734 2784 937 2864 Beneuale.
988 2789 1055 2859 Die
1117 2815 1287 2847 -evv
1924 2819 2095 2850 Μ
2130 2821 2132 2825 ·
2180 2786 2182 2791 ’
2223 2860 2229 2868 .

65 2890 124 2967 19.
143 2889 251 2969 lunii.
1366 2896 1555 3009 Georgia
1583 2897 1841 2984 Anhaltino.
1898 2928 1902 2943 ’

572 2989 761 3087 Ph¹¹¹PP¹¹⁸
777 2986 1004 3064 M⁸¹³¹¹¹h⁰¹¹·
1177 3060 1276 3115 seren.
1290 3059 1367 3129 epu.
1385 3079 1413 3133 p.
1426 3059 1487 3114 su.
1523 3058 1608 3130 epac
1628 3058 1710 3114 unt
1729 3077 1758 3130 ρ.
1771 3061 1816 3114 u.
1837 3062 1891 3130 (sa.
1907 3063 1999 3119 rona.
2017 3066 2066 3121 tn.
2081 3068 2102 3122 1.

1213 3149 1257 3201 ep.
1271 3128 1337 3197 δίῃ).

1110 3280 1379 3355 Illastrissima
1392 3293 1426 3354 et
1440 3278 1759 3354 Revereadissima
1775 3278 1946 3384 Principi
1959 3315 2003 3360 ae
2019 3289 2106 3364 Da-
2150 3277 2161 3299 ⁸

683 3468 685 3473 ,
879 3361 1058 3485 Q
1111 3387 1229 3471 acina,
1264 3383 1433 3456 Domino
1458 3381 1660 3479 Georgia
1686 3381 1855 3478 Principt
1879 3387 1917 3457 in
1944 3387 2080 3464 Anisal
2095 3449 2106 3477 ‚

544 3536 595 3623 M
620 3535 656 3620 ll
1111 3483 1251 3560 Comiti
1264 3484 1449 3558 Ascaniae
1462 3499 1522 3557 etc.
1547 3482 1763 3582 Praeposito
1779 3485 1967 3562 Ecclesiae
1980 3491 2106 3590 Mag·-
2166 3518 2177 3534 ‘

388 3539 525 3624 Lam·
595 3566 618 3620 ⁰
656 3562 736 3622 ΨΟ·
1114 3586 1367 3684 debargensis‚
1404 3600 1435 3659 et
1450 3582 1673 3660 Coadiatori
1692 3586 1731 3657 in
1751 3587 2019 3665 Ecclesiastico
2035 3622 2107 3692 ga-

103 3669 105 3672 ,
133 3701 221 3772 nent·
236 3699 285 3770 lis.
297 3697 332 3756 V·
352 3716 380 3772 n·
393 3697 445 3754 ttt
458 3715 517 3770 sss·
919 3737 924 3747 ·
1113 3689 1325 3762 decoctione
1339 3687 1640 3807 ildersebargensi
1649 3747 1659 3776 ‚
1684 3685 1853 3796 Domino
1870 3718 1948 3813 ⁸⁸⁰.
1955 3695 2107 3805 elemea-

176 3852 452 3930 Laurentio
477 3848 684 3927 Mollero
710 3850 940 3951 (Hildesiae)
1534 3803 1687 3862 “m‘’-

63 3991 110 4081 S.
134 4006 180 4081 D.
232 4003 313 4075 Tua
335 4025 417 4093 erga
436 4026 473 4074 se
489 4004 605 4073 studia
621 4018 655 4073 et
667 4005 781 4073 officia
796 4005 835 4073 in
850 4005 961 4076 literis
976 4029 1061 4097 pro-

65 4111 160 4180 xime
175 4105 291 4174 missis
303 4104 359 4174 vir
371 4102 607 4187 Clarissimus,
632 4098 798 4176 d.Iona‘s
813 4105 1061 4176 candidissime

66 4205 299 4304 praedicavit.
349 4201 430 4276 Etsi
451 4219 570 4276 autem
594 4203 685 4290 scio,
709 4219 744 4276 te
766 4216 807 4275 ut
824 4219 976 4274 caeteras
988 4207 1062 4276 vir-

66 4325 161 4385 tutes
186 4328 326 4390 omnes,
359 4305 409 4375 ita
428 4305 694 4402 beneficentiam
716 4329 796 4395 erga
817 4298 991 4396 hospites,
1021 4328 1062 4377 ac

66 4409 256 4504 praecipue
271 4405 443 4477 Doctores
457 4401 644 4495 Evangelii
663 4431 748 4478 vero
767 4405 900 4477 iudicio
917 4421 1063 4498 propter

67 4511 185 4584 Deum
207 4509 341 4587 colere,
373 4518 493 4576 temen
514 4520 548 4578 et
570 4507 644 4599 ipse
665 4508 737 4605 mel
753 4505 861 4579 oflicii
878 4530 951 4577 esse
965 4508 1064 4595 duxi,

68 4629 111 4687 nt
123 4612 253 4703 gratias
266 4610 334 4681 tibi
348 4629 497 4699 agerem.
547 4604 672 4678 Habeo
688 4622 781 4680 certe
795 4606 962 4700 gratiam,
986 4635 1063 4681 mc·

70 4739 141 4810 que
168 4713 237 4784 tibi
265 4713 393 4782 debere
420 4707 607 4799 profiteor,
637 4712 734 4803 quod
762 4704 831 4781 boc
858 4712 1062 4801 praesertim

69 4831 229 4907 tempore
244 4826 385 4883 nostros
402 4808 656 4899 complecteris.
705 4807 890 4884 Deseritur
905 4808 1064 4884 Ecclesia

61 3358 255 3432 Nosses.
373 3339 376 3345 '

70 3455 244 3488 “fl

1113 3925 1157 4014 S.
1181 3941 1228 4013 D.
1278 3940 1520 4011 illustrissime
1541 3954 1576 4009 ct
1593 3937 1902 4013 Reverendissime
1926 3945 2107 4039 Princeps,

1113 4043 1221 4117 Extat
1242 4047 1336 4136 apud
1358 4036 1553 4109 Platonem
1572 4041 1765 4125 sententia,
1799 4044 1900 4114 cuius
1924 4051 2108 4137 cogitatio-

1114 4171 1195 4216 nem
1219 4170 1299 4215 cum
1321 4144 1400 4211 aliis
1424 4141 1511 4208 viris
1527 4142 1773 4231 sapientibus,
1806 4158 1881 4214 tum
1902 4170 1985 4216 vesu
2001 4139 2108 4220 bonis

1113 4245 1361 4335 Principibus,
1392 4255 1525 4330 gratam
1549 4267 1621 4311 csse
1649 4268 1722 4312 rson
1740 4246 1878 4315 dubito.
1929 4245 1995 4319 Est
2012 4253 2107 4320 enim

1115 4346 1276 4416 doctrina
1305 4346 1349 4412 de
1381 4344 1493 4413 causis
1524 4345 1813 4433 gubernationis,
1847 4363 1999 4441 suntque
2021 4347 2132 4423 haec'

1114 4449 1239 4518 verba:
1273 4441 1380 4513 Deas
1402 4436 1546 4540 quidem
1568 4453 1599 4513 et
1618 4467 1696 4512 cam
1712 4440 1796 4512 Dea
1814 4453 2012 4545 temporam
2028 4478 2107 4522 mo-

1114 4556 1235 4618 menta
1256 4571 1312 4616 res
1336 4538 1542 4627 harnanas,
1566 4540 1666 4642 qaod
1683 4540 1740 4614 ad
1757 4546 1963 4620 universam
1979 4576 2107 4650 carpas

1115 4647 1264 4734 attinet,
1287 4646 1506 4743 gubernant.
1558 4646 1683 4716 Minus
1707 4642 1894 4719 horridum
1918 4668 2107 4728 esttamen

1115 4752 1306 4835 adsentiri,
1331 4753 1375 4820 ad
1392 4746 1456 4818 has
1471 4747 1683 4839 principales
1699 4772 1820 4819 causas
1834 4751 1980 4844 adiungi
1999 4781 2108 4847 opor·

1115 4869 1189 4924 tere
1210 4866 1320 4923 artem
1343 4875 1405 4921 seu
1422 4849 1640 4939 diligentiam
1656 4834 1861 4943 bathanam.
1913 4853 2106 4948 Postquam

71 4941 156 4987 Vm
172 4941 191 4985 ⁸
207 4913 353 4984 ⁸¹1¹¹¹¹¹¹l⁸
367 4910 591 5004 Psindpibm
604 4903 655 5005 'it
679 4913 741 4983 Μ
757 4934 879 5003 ‘pm’
897 4911 930 4982 ‘i
944 4912 1063 5034 ¹⁰⁰¹J¹¹¹
1117 4955 1226 5043 igitur
1247 4951 1344 5022 Deus
1369 4946 1436 5020 hoc
1459 4967 1635 5041 tempore,
1674 4965 1713 5020 ut
1738 4953 1947 5043 cupiditates
1967 4971 2106 5029 nostras

71 5021 148 5139 sore
169 5017 207 5135 in
231 5013 356 5086 vestris
371 5000 631 5130 Aristocratiisg
658 5011 766 5108 idque
786 5014 835 5083 ita
851 5036 991 5110 semper
1005 5042 1065 5088 ¹u‘
1116 5058 1287 5139 frenaret,
1312 5052 1493 5141 castigavit
1508 5053 1637 5121 bonam
1653 5044 2046 5145 Germaniae-partem,
2071 5076 2106 5133 et

71 5123 206 5202 ‘hcm’
239 5131 294 5201 εἷ’
323 5128 365 5185 ut
388 5114 466 5200 Μ’
496 5113 602 5185 sami
626 5112 724 5186 Dim
746 5129 929 5198 mmuh
959 5114 1065 5191 ΡΜ
1116 5157 1271 5250 aliquam
1293 5154 1332 5222 in
1354 5153 1608 5242 gubernatione
1631 5152 1983 5258 nuutionancit,
2008 5159 2107 5230 acce-

72 5270 300 5294 ---
525 5272 526 5277 ¹
962 5294 965 5300 ·
1116 5261 1178 5329 dat
1192 5253 1258 5326 hoc
1274 5254 1399 5339 etiam,
1423 5253 1565 5325 utboni
1581 5254 1801 5346 etsapientes
1818 5255 1901 5343 viri,
1925 5260 1987 5353 qui
2003 5275 2103 5332 auto-

108 5368 135 5431 n
152 5358 325 5418 ..sisinn
1055 5387 1057 5393 s
1128 5394 1339 5432 ...,...

107 5453 138 5518 ι)
157 5442 686 5526 sanomasnsaanmta.
1151 5449 1295 5520 usas.
1310 5445 1560 5508 possuntt
1597 5498 1604 5505 .

1291 5511 1417 5595 fils
