<?xml version="1.0" encoding="UTF-8"?>
<!DOCTYPE html PUBLIC "-//W3C//DTD XHTML 1.0 Transitional//EN"
    "http://www.w3.org/TR/xhtml1/DTD/xhtml1-transitional.dtd">
<html xmlns="http://www.w3.org/1999/xhtml" xml:lang="en" lang="en">
 <head>
  <title>
</title>
<meta http-equiv="Content-Type" content="text/html;charset=utf-8" />
  <meta name='ocr-system' content='tesseract 3.04.00' />
  <meta name='ocr-capabilities' content='ocr_page ocr_carea ocr_par ocr_line ocrx_word'/>
</head>
<body>
  <div class='ocr_page' id='page_1' title='image "./philippimelanth15melagoog/philippimelanth15melagoog_0086.png"; bbox 0 0 4748 6022; ppageno 0'>
   <div class='ocr_carea' id='block_1_1' title="bbox 163 155 2295 306">
    <p class='ocr_par' dir='ltr' id='par_1_1' title="bbox 163 155 2295 306">
     <span class='ocr_line' id='line_1_1' title="bbox 163 155 2295 306; baseline 0.005 -12"><span class='ocrx_word' id='word_1_1' title='bbox 163 223 235 303; x_wconf 72' lang='lat'><strong>125</strong></span> <span class='ocrx_word' id='word_1_2' title='bbox 727 189 1167 296; x_wconf 75' lang='lat' dir='ltr'><strong>urrsroianon</strong></span> <span class='ocrx_word' id='word_1_3' title='bbox 1224 218 1420 300; x_wconf 83' lang='lat' dir='ltr'><strong>mnx.</strong></span> <span class='ocrx_word' id='word_1_4' title='bbox 1471 218 1607 306; x_wconf 77' lang='lat' dir='ltr'><strong>roas.</strong></span> <span class='ocrx_word' id='word_1_5' title='bbox 1960 155 1962 159; x_wconf 26' lang='lat'>⁸</span> <span class='ocrx_word' id='word_1_6' title='bbox 2126 231 2197 304; x_wconf 77' lang='lat' dir='ltr'><strong>ies</strong></span> <span class='ocrx_word' id='word_1_7' title='bbox 2292 202 2295 207; x_wconf 83' lang='grc'><strong>’</strong></span> 
     </span>
    </p>
   </div>
   <div class='ocr_carea' id='block_1_2' title="bbox 263 385 2198 542">
    <p class='ocr_par' dir='ltr' id='par_1_2' title="bbox 263 385 2198 542">
     <span class='ocr_line' id='line_1_2' title="bbox 263 385 2198 516; baseline -0.004 -41"><span class='ocrx_word' id='word_1_8' title='bbox 263 389 650 516; x_wconf 49' lang='lat' dir='ltr'><strong>ffljefflfflgqafgffflm</strong></span> <span class='ocrx_word' id='word_1_9' title='bbox 661 388 836 443; x_wconf 59' lang='lat' dir='ltr'><strong>humum</strong></span> <span class='ocrx_word' id='word_1_10' title='bbox 844 425 852 447; x_wconf 66' lang='lat'>³</span> <span class='ocrx_word' id='word_1_11' title='bbox 877 405 959 456; x_wconf 60' lang='grc' dir='ltr'>Μ</span> <span class='ocrx_word' id='word_1_12' title='bbox 971 385 1155 448; x_wconf 61' lang='lat' dir='ltr'><strong>⁰⁰¹⁰¹¹¹²¹d³b</strong></span> <span class='ocrx_word' id='word_1_13' title='bbox 1203 392 1334 462; x_wconf 91' lang='lat' dir='ltr'><strong>deinde</strong></span> <span class='ocrx_word' id='word_1_14' title='bbox 1353 393 1517 464; x_wconf 88' lang='lat' dir='ltr'><strong>doctrina</strong></span> <span class='ocrx_word' id='word_1_15' title='bbox 1541 395 1838 466; x_wconf 79' lang='lat' dir='ltr'><strong>commonefactus</strong></span> <span class='ocrx_word' id='word_1_16' title='bbox 1855 398 1900 467; x_wconf 90' lang='lat' dir='ltr'><strong>de</strong></span> <span class='ocrx_word' id='word_1_17' title='bbox 1920 391 2015 483; x_wconf 86' lang='lat' dir='ltr'><strong>Deo,</strong></span> <span class='ocrx_word' id='word_1_18' title='bbox 2041 396 2104 490; x_wconf 89' lang='lat' dir='ltr'><strong>qui</strong></span> <span class='ocrx_word' id='word_1_19' title='bbox 2125 410 2198 469; x_wconf 85' lang='lat' dir='ltr'><strong>tam</strong></span> 
     </span>
     <span class='ocr_line' id='line_1_3' title="bbox 520 455 1153 542; baseline -0.008 -30"><span class='ocrx_word' id='word_1_20' title='bbox 520 480 572 531; x_wconf 85' lang='lat' dir='ltr'><strong>per,</strong></span> <span class='ocrx_word' id='word_1_21' title='bbox 591 468 761 542; x_wconf 83' lang='lat' dir='ltr'><strong>praematura</strong></span> <span class='ocrx_word' id='word_1_22' title='bbox 776 468 875 524; x_wconf 87' lang='lat' dir='ltr'><strong>morte,</strong></span> <span class='ocrx_word' id='word_1_23' title='bbox 887 474 990 509; x_wconf 84' lang='lat' dir='ltr'><strong>annum</strong></span> <span class='ocrx_word' id='word_1_24' title='bbox 1004 455 1047 508; x_wconf 75' lang='lat'><strong>28.</strong></span> <span class='ocrx_word' id='word_1_25' title='bbox 1060 472 1153 526; x_wconf 84' lang='lat' dir='ltr'><strong>agens,</strong></span> 
     </span>
    </p>
   </div>
   <div class='ocr_carea' id='block_1_3' title="bbox 264 494 2197 690">
    <p class='ocr_par' dir='ltr' id='par_1_3' title="bbox 264 494 2197 690">
     <span class='ocr_line' id='line_1_4' title="bbox 264 494 2197 601; baseline 0.007 -47"><span class='ocrx_word' id='word_1_26' title='bbox 264 529 430 601; x_wconf 53' lang='lat' dir='ltr'><strong>northaga</strong></span> <span class='ocrx_word' id='word_1_27' title='bbox 450 530 527 583; x_wconf 74' lang='lat' dir='ltr'><strong>ostii.</strong></span> <span class='ocrx_word' id='word_1_28' title='bbox 563 526 1040 596; x_wconf 47' lang='lat' dir='ltr'><strong>v,d‚92q„g„3‚0,1,g,5„,2„i,</strong></span> <span class='ocrx_word' id='word_1_29' title='bbox 1058 522 1091 578; x_wconf 74' lang='lat' dir='ltr'><strong>p,</strong></span> <span class='ocrx_word' id='word_1_30' title='bbox 1107 521 1155 575; x_wconf 88' lang='lat'><strong>111.</strong></span> <span class='ocrx_word' id='word_1_31' title='bbox 1204 494 1314 564; x_wconf 89' lang='lat' dir='ltr'><strong>multa</strong></span> <span class='ocrx_word' id='word_1_32' title='bbox 1347 496 1494 584; x_wconf 87' lang='lat' dir='ltr'><strong>vestigia</strong></span> <span class='ocrx_word' id='word_1_33' title='bbox 1528 496 1705 586; x_wconf 79' lang='lat' dir='ltr'>impressit</span> <span class='ocrx_word' id='word_1_34' title='bbox 1739 522 1820 567; x_wconf 90' lang='lat' dir='ltr'><strong>cum</strong></span> <span class='ocrx_word' id='word_1_35' title='bbox 1853 499 2011 591; x_wconf 91' lang='lat' dir='ltr'><strong>reliquae</strong></span> <span class='ocrx_word' id='word_1_36' title='bbox 2036 512 2197 584; x_wconf 89' lang='lat' dir='ltr'><strong>naturae,</strong></span> 
     </span>
     <span class='ocr_line' id='line_1_5' title="bbox 264 589 2196 690; baseline 0.007 -33"><span class='ocrx_word' id='word_1_37' title='bbox 264 617 294 670; x_wconf 78' lang='lat' dir='ltr'><strong>p.</strong></span> <span class='ocrx_word' id='word_1_38' title='bbox 307 598 369 652; x_wconf 79' lang='lat'><strong>250.</strong></span> <span class='ocrx_word' id='word_1_39' title='bbox 386 597 541 653; x_wconf 76' lang='lat' dir='ltr'><strong>etStrobet·</strong></span> <span class='ocrx_word' id='word_1_40' title='bbox 556 596 576 656; x_wconf 85' lang='grc' dir='ltr'><strong>Ι.</strong></span> <span class='ocrx_word' id='word_1_41' title='bbox 590 597 610 652; x_wconf 83' lang='lat'><strong>¹·</strong></span> <span class='ocrx_word' id='word_1_42' title='bbox 1203 608 1280 664; x_wconf 91' lang='lat' dir='ltr'><strong>tum</strong></span> <span class='ocrx_word' id='word_1_43' title='bbox 1302 619 1386 666; x_wconf 88' lang='lat' dir='ltr'><strong>vero</strong></span> <span class='ocrx_word' id='word_1_44' title='bbox 1408 596 1494 688; x_wconf 90' lang='lat' dir='ltr'><strong>ipsis</strong></span> <span class='ocrx_word' id='word_1_45' title='bbox 1517 589 1705 666; x_wconf 84' lang='lat' dir='ltr'><strong>hominurn</strong></span> <span class='ocrx_word' id='word_1_46' title='bbox 1729 599 1929 687; x_wconf 86' lang='lat' dir='ltr'><strong>mentibus,</strong></span> <span class='ocrx_word' id='word_1_47' title='bbox 1963 614 2004 671; x_wconf 92' lang='lat' dir='ltr'><strong>ut</strong></span> <span class='ocrx_word' id='word_1_48' title='bbox 2027 623 2196 690; x_wconf 90' lang='lat' dir='ltr'><strong>agnosca·</strong></span> 
     </span>
    </p>
   </div>
   <div class='ocr_carea' id='block_1_4' title="bbox 467 748 2249 896">
    <p class='ocr_par' dir='ltr' id='par_1_4' title="bbox 467 748 2249 896">
     <span class='ocr_line' id='line_1_6' title="bbox 467 748 2249 896; baseline 0.011 -43"><span class='ocrx_word' id='word_1_49' title='bbox 467 748 849 853; x_wconf 69' lang='lat' dir='ltr'><strong>(T⁶⁸²²m⁰&#39;¹¹“m·)</strong></span> <span class='ocrx_word' id='word_1_50' title='bbox 1201 799 1382 868; x_wconf 81' lang='lat' dir='ltr'>rectricem</span> <span class='ocrx_word' id='word_1_51' title='bbox 1409 800 1501 870; x_wconf 89' lang='lat' dir='ltr'><strong>vitae</strong></span> <span class='ocrx_word' id='word_1_52' title='bbox 1518 822 1591 870; x_wconf 89' lang='lat' dir='ltr'><strong>esse</strong></span> <span class='ocrx_word' id='word_1_53' title='bbox 1608 801 1740 884; x_wconf 87' lang='lat' dir='ltr'><strong>voluit,</strong></span> <span class='ocrx_word' id='word_1_54' title='bbox 1764 815 1941 888; x_wconf 83' lang='lat' dir='ltr'><strong>teneatur3</strong></span> <span class='ocrx_word' id='word_1_55' title='bbox 1969 803 2142 896; x_wconf 89' lang='lat' dir='ltr'><strong>quaesivit</strong></span> <span class='ocrx_word' id='word_1_56' title='bbox 2159 813 2194 872; x_wconf 91' lang='lat' dir='ltr'><strong>et</strong></span> <span class='ocrx_word' id='word_1_57' title='bbox 2245 870 2249 882; x_wconf 81' lang='grc'>,</span> 
     </span>
    </p>
   </div>
   <div class='ocr_carea' id='block_1_5' title="bbox 159 884 2193 980">
    <p class='ocr_par' dir='ltr' id='par_1_5' title="bbox 159 884 2193 980">
     <span class='ocr_line' id='line_1_7' title="bbox 159 884 2193 980; baseline 0 -4"><span class='ocrx_word' id='word_1_58' title='bbox 159 884 305 980; x_wconf 86' lang='lat' dir='ltr'><strong>Petivit</strong></span> <span class='ocrx_word' id='word_1_59' title='bbox 332 907 486 977; x_wconf 87' lang='lat' dir='ltr'><strong>anobis</strong></span> <span class='ocrx_word' id='word_1_60' title='bbox 508 903 751 976; x_wconf 89' lang='lat' dir='ltr'><strong>testimonium</strong></span> <span class='ocrx_word' id='word_1_61' title='bbox 773 902 817 971; x_wconf 92' lang='lat' dir='ltr'><strong>de</strong></span> <span class='ocrx_word' id='word_1_62' title='bbox 842 899 915 970; x_wconf 90' lang='lat' dir='ltr'><strong>suis</strong></span> <span class='ocrx_word' id='word_1_63' title='bbox 935 899 1097 969; x_wconf 89' lang='lat' dir='ltr'><strong>moribus</strong></span> <span class='ocrx_word' id='word_1_64' title='bbox 1121 912 1155 969; x_wconf 90' lang='lat' dir='ltr'><strong>et</strong></span> <span class='ocrx_word' id='word_1_65' title='bbox 1202 899 1338 969; x_wconf 83' lang='lat' dir='ltr'><strong>firmam</strong></span> <span class='ocrx_word' id='word_1_66' title='bbox 1361 902 1561 971; x_wconf 81' lang='lat' dir='ltr'><strong>doctrinam</strong></span> <span class='ocrx_word' id='word_1_67' title='bbox 1584 903 1627 972; x_wconf 94' lang='lat' dir='ltr'><strong>de</strong></span> <span class='ocrx_word' id='word_1_68' title='bbox 1649 900 1725 972; x_wconf 91' lang='lat' dir='ltr'><strong>Deo</strong></span> <span class='ocrx_word' id='word_1_69' title='bbox 1751 903 1789 970; x_wconf 92' lang='lat' dir='ltr'><strong>in</strong></span> <span class='ocrx_word' id='word_1_70' title='bbox 1811 899 1968 973; x_wconf 81' lang='lat' dir='ltr'><strong>Ecclesia</strong></span> <span class='ocrx_word' id='word_1_71' title='bbox 1985 901 2031 977; x_wconf 90' lang='lat' dir='ltr'><strong>D.</strong></span> <span class='ocrx_word' id='word_1_72' title='bbox 2046 903 2090 977; x_wconf 87' lang='lat' dir='ltr'><strong>N.</strong></span> <span class='ocrx_word' id='word_1_73' title='bbox 2108 901 2136 976; x_wconf 96' lang='lat' dir='ltr'><strong>l.</strong></span> <span class='ocrx_word' id='word_1_74' title='bbox 2151 900 2193 978; x_wconf 89' lang='lat' dir='ltr'><strong>C.</strong></span> 
     </span>
    </p>
   </div>
   <div class='ocr_carea' id='block_1_6' title="bbox 833 692 2326 798">
    <p class='ocr_par' dir='ltr' id='par_1_6' title="bbox 833 692 2326 798">
     <span class='ocr_line' id='line_1_8' title="bbox 833 692 2326 798; baseline 0.007 -36"><span class='ocrx_word' id='word_1_75' title='bbox 833 732 836 739; x_wconf 34' lang='grc' dir='ltr'><strong><em>ι</em></strong></span> <span class='ocrx_word' id='word_1_76' title='bbox 1202 709 1263 765; x_wconf 89' lang='lat' dir='ltr'><strong>tur</strong></span> <span class='ocrx_word' id='word_1_77' title='bbox 1276 692 1327 791; x_wconf 88' lang='lat'><strong>⁷),</strong></span> <span class='ocrx_word' id='word_1_78' title='bbox 1361 711 1395 769; x_wconf 92' lang='lat' dir='ltr'><strong>et</strong></span> <span class='ocrx_word' id='word_1_79' title='bbox 1412 711 1451 768; x_wconf 92' lang='lat' dir='ltr'><strong>ut</strong></span> <span class='ocrx_word' id='word_1_80' title='bbox 1464 721 1590 768; x_wconf 91' lang='lat' dir='ltr'><strong>norma</strong></span> <span class='ocrx_word' id='word_1_81' title='bbox 1604 700 1714 783; x_wconf 85' lang='lat' dir='ltr'><strong>vitae,</strong></span> <span class='ocrx_word' id='word_1_82' title='bbox 1739 725 1845 792; x_wconf 90' lang='lat' dir='ltr'><strong>quam</strong></span> <span class='ocrx_word' id='word_1_83' title='bbox 1860 702 2003 777; x_wconf 88' lang='lat' dir='ltr'><strong>insitam</strong></span> <span class='ocrx_word' id='word_1_84' title='bbox 2016 702 2196 772; x_wconf 88' lang='lat' dir='ltr'><strong>ruentibus</strong></span> <span class='ocrx_word' id='word_1_85' title='bbox 2256 760 2257 765; x_wconf 28' lang='lat'>1</span> <span class='ocrx_word' id='word_1_86' title='bbox 2318 789 2326 798; x_wconf 35' lang='grc'><strong>,</strong></span> 
     </span>
    </p>
   </div>
   <div class='ocr_carea' id='block_1_7' title="bbox 158 995 2362 1096">
    <p class='ocr_par' dir='ltr' id='par_1_7' title="bbox 158 995 2362 1096">
     <span class='ocr_line' id='line_1_9' title="bbox 158 995 2362 1096; baseline -0.005 -13"><span class='ocrx_word' id='word_1_87' title='bbox 158 1012 289 1085; x_wconf 81' lang='lat' dir='ltr'><strong>studiis</strong></span> <span class='ocrx_word' id='word_1_88' title='bbox 312 1005 480 1079; x_wconf 91' lang='lat' dir='ltr'><strong>honestus</strong></span> <span class='ocrx_word' id='word_1_89' title='bbox 502 1021 536 1078; x_wconf 91' lang='lat' dir='ltr'><strong>et</strong></span> <span class='ocrx_word' id='word_1_90' title='bbox 557 1006 718 1076; x_wconf 89' lang='lat' dir='ltr'><strong>eruditus</strong></span> <span class='ocrx_word' id='word_1_91' title='bbox 741 1005 797 1073; x_wconf 91' lang='lat' dir='ltr'><strong>vir</strong></span> <span class='ocrx_word' id='word_1_92' title='bbox 818 996 1008 1071; x_wconf 80' lang='lat' dir='ltr'><strong>Iohannes</strong></span> <span class='ocrx_word' id='word_1_93' title='bbox 1027 995 1154 1070; x_wconf 83' lang='lat' dir='ltr'><strong>Prun-</strong></span> <span class='ocrx_word' id='word_1_94' title='bbox 1200 1001 1357 1071; x_wconf 83' lang='lat' dir='ltr'><strong>crucifixi</strong></span> <span class='ocrx_word' id='word_1_95' title='bbox 1379 1027 1446 1096; x_wconf 92' lang='lat' dir='ltr'><strong>pro</strong></span> <span class='ocrx_word' id='word_1_96' title='bbox 1470 1005 1574 1075; x_wconf 92' lang='lat' dir='ltr'><strong>nobis</strong></span> <span class='ocrx_word' id='word_1_97' title='bbox 1599 1017 1634 1074; x_wconf 91' lang='lat' dir='ltr'><strong>et</strong></span> <span class='ocrx_word' id='word_1_98' title='bbox 1650 1004 1846 1088; x_wconf 81' lang='lat' dir='ltr'><strong>resuscitati</strong></span> <span class='ocrx_word' id='word_1_99' title='bbox 1860 1005 2026 1076; x_wconf 87' lang='lat' dir='ltr'><strong>traditam</strong></span> <span class='ocrx_word' id='word_1_100' title='bbox 2042 1004 2193 1074; x_wconf 87' lang='lat' dir='ltr'><strong>illustri·</strong></span> <span class='ocrx_word' id='word_1_101' title='bbox 2242 1075 2246 1080; x_wconf 78' lang='grc'>,</span> <span class='ocrx_word' id='word_1_102' title='bbox 2354 1026 2362 1035; x_wconf 86' lang='lat'><strong>·</strong></span> 
     </span>
    </p>
   </div>
   <div class='ocr_carea' id='block_1_8' title="bbox 63 1100 2299 3923">
    <p class='ocr_par' dir='ltr' id='par_1_8' title="bbox 84 1100 2299 3523">
     <span class='ocr_line' id='line_1_10' title="bbox 161 1100 2192 1198; baseline -0.005 -11"><span class='ocrx_word' id='word_1_103' title='bbox 161 1124 299 1196; x_wconf 82' lang='lat' dir='ltr'><strong>steros,</strong></span> <span class='ocrx_word' id='word_1_104' title='bbox 330 1107 651 1198; x_wconf 90' lang='lat' dir='ltr'><strong>Norimbergensis.</strong></span> <span class='ocrx_word' id='word_1_105' title='bbox 704 1104 745 1175; x_wconf 94' lang='lat' dir='ltr'><strong>ld</strong></span> <span class='ocrx_word' id='word_1_106' title='bbox 769 1105 802 1172; x_wconf 92' lang='lat' dir='ltr'><strong>ei</strong></span> <span class='ocrx_word' id='word_1_107' title='bbox 820 1127 956 1173; x_wconf 88' lang='lat' dir='ltr'><strong>summa</strong></span> <span class='ocrx_word' id='word_1_108' title='bbox 972 1102 1154 1174; x_wconf 86' lang='lat' dir='ltr'><strong>voluntate</strong></span> <span class='ocrx_word' id='word_1_109' title='bbox 1200 1103 1268 1172; x_wconf 89' lang='lat' dir='ltr'><strong>bus</strong></span> <span class='ocrx_word' id='word_1_110' title='bbox 1301 1105 1530 1190; x_wconf 72' lang='lat' dir='ltr'><strong>testimoniis,</strong></span> <span class='ocrx_word' id='word_1_111' title='bbox 1566 1107 1610 1175; x_wconf 92' lang='lat' dir='ltr'><strong>de</strong></span> <span class='ocrx_word' id='word_1_112' title='bbox 1644 1129 1713 1198; x_wconf 90' lang='lat' dir='ltr'><strong>qua</strong></span> <span class='ocrx_word' id='word_1_113' title='bbox 1740 1100 1952 1176; x_wconf 87' lang='lat' dir='ltr'><strong>catholicum</strong></span> <span class='ocrx_word' id='word_1_114' title='bbox 1982 1128 2192 1176; x_wconf 85' lang='lat' dir='ltr'><strong>consensum</strong></span> 
     </span>
     <span class='ocr_line' id='line_1_11' title="bbox 161 1196 2192 1308; baseline -0.006 -19"><span class='ocrx_word' id='word_1_115' title='bbox 161 1213 434 1308; x_wconf 83' lang='lat' dir='ltr'><strong>impertivimus.</strong></span> <span class='ocrx_word' id='word_1_116' title='bbox 464 1209 554 1280; x_wconf 89' lang='lat' dir='ltr'><strong>Nam</strong></span> <span class='ocrx_word' id='word_1_117' title='bbox 570 1233 650 1280; x_wconf 88' lang='lat' dir='ltr'><strong>cum</strong></span> <span class='ocrx_word' id='word_1_118' title='bbox 665 1206 704 1275; x_wconf 92' lang='lat' dir='ltr'><strong>in</strong></span> <span class='ocrx_word' id='word_1_119' title='bbox 718 1203 908 1275; x_wconf 86' lang='lat' dir='ltr'><strong>Academia</strong></span> <span class='ocrx_word' id='word_1_120' title='bbox 923 1216 1041 1274; x_wconf 91' lang='lat' dir='ltr'><strong>nostra</strong></span> <span class='ocrx_word' id='word_1_121' title='bbox 1057 1228 1154 1303; x_wconf 44' lang='lat' dir='ltr'><strong>coms</strong></span> <span class='ocrx_word' id='word_1_122' title='bbox 1201 1227 1283 1296; x_wconf 70' lang='lat' dir='ltr'><strong>rere</strong></span> <span class='ocrx_word' id='word_1_123' title='bbox 1300 1205 1542 1287; x_wconf 84' lang='lat' dir='ltr'><strong>invocantium</strong></span> <span class='ocrx_word' id='word_1_124' title='bbox 1556 1205 1672 1278; x_wconf 90' lang='lat' dir='ltr'><strong>Deum</strong></span> <span class='ocrx_word' id='word_1_125' title='bbox 1689 1207 1817 1277; x_wconf 89' lang='lat' dir='ltr'><strong>fiducia</strong></span> <span class='ocrx_word' id='word_1_126' title='bbox 1833 1204 1898 1276; x_wconf 87' lang='lat' dir='ltr'><strong>filii</strong></span> <span class='ocrx_word' id='word_1_127' title='bbox 1907 1196 1988 1277; x_wconf 47' lang='lat' dir='ltr'><strong>&#39;eius</strong></span> <span class='ocrx_word' id='word_1_128' title='bbox 1999 1205 2044 1281; x_wconf 88' lang='lat' dir='ltr'><strong>D.</strong></span> <span class='ocrx_word' id='word_1_129' title='bbox 2057 1205 2100 1280; x_wconf 88' lang='lat' dir='ltr'><strong>N.</strong></span> <span class='ocrx_word' id='word_1_130' title='bbox 2112 1202 2192 1279; x_wconf 83' lang='lat' dir='ltr'><strong>LC.</strong></span> 
     </span>
     <span class='ocr_line' id='line_1_12' title="bbox 159 1303 2194 1398; baseline -0.008 -8"><span class='ocrx_word' id='word_1_131' title='bbox 159 1330 319 1390; x_wconf 88' lang='lat' dir='ltr'><strong>moratus</strong></span> <span class='ocrx_word' id='word_1_132' title='bbox 341 1328 429 1383; x_wconf 90' lang='lat' dir='ltr'><strong>esset</strong></span> <span class='ocrx_word' id='word_1_133' title='bbox 450 1335 564 1380; x_wconf 90' lang='lat' dir='ltr'><strong>annos</strong></span> <span class='ocrx_word' id='word_1_134' title='bbox 588 1333 666 1394; x_wconf 83' lang='lat' dir='ltr'><strong>sex,</strong></span> <span class='ocrx_word' id='word_1_135' title='bbox 692 1308 927 1398; x_wconf 85' lang='lat' dir='ltr'><strong>comperimus</strong></span> <span class='ocrx_word' id='word_1_136' title='bbox 944 1320 978 1376; x_wconf 94' lang='lat' dir='ltr'><strong>et</strong></span> <span class='ocrx_word' id='word_1_137' title='bbox 995 1306 1153 1375; x_wconf 82' lang='lat' dir='ltr'><strong>indolem</strong></span> <span class='ocrx_word' id='word_1_138' title='bbox 1200 1307 1443 1397; x_wconf 90' lang='lat' dir='ltr'><strong>amplectitur,</strong></span> <span class='ocrx_word' id='word_1_139' title='bbox 1476 1322 1511 1379; x_wconf 90' lang='lat' dir='ltr'><strong>et</strong></span> <span class='ocrx_word' id='word_1_140' title='bbox 1530 1303 1623 1378; x_wconf 88' lang='lat' dir='ltr'><strong>hane</strong></span> <span class='ocrx_word' id='word_1_141' title='bbox 1643 1332 1742 1378; x_wconf 89' lang='lat' dir='ltr'><strong>suam</strong></span> <span class='ocrx_word' id='word_1_142' title='bbox 1761 1308 1972 1379; x_wconf 85' lang='lat' dir='ltr'><strong>sententiam</strong></span> <span class='ocrx_word' id='word_1_143' title='bbox 1987 1330 2070 1376; x_wconf 88' lang='lat' dir='ltr'><strong>vera</strong></span> <span class='ocrx_word' id='word_1_144' title='bbox 2088 1306 2194 1376; x_wconf 87' lang='lat' dir='ltr'><strong>invo-</strong></span> 
     </span>
     <span class='ocr_line' id='line_1_13' title="bbox 162 1403 2192 1502; baseline -0.008 -9"><span class='ocrx_word' id='word_1_145' title='bbox 162 1423 238 1493; x_wconf 89' lang='lat' dir='ltr'><strong>eins</strong></span> <span class='ocrx_word' id='word_1_146' title='bbox 260 1419 304 1488; x_wconf 93' lang='lat' dir='ltr'><strong>ad</strong></span> <span class='ocrx_word' id='word_1_147' title='bbox 320 1416 484 1485; x_wconf 86' lang='lat' dir='ltr'><strong>virtutem</strong></span> <span class='ocrx_word' id='word_1_148' title='bbox 501 1411 675 1502; x_wconf 82' lang='lat' dir='ltr'><strong>egregiam</strong></span> <span class='ocrx_word' id='word_1_149' title='bbox 688 1421 723 1479; x_wconf 93' lang='lat' dir='ltr'><strong>et</strong></span> <span class='ocrx_word' id='word_1_150' title='bbox 736 1419 901 1477; x_wconf 88' lang='lat' dir='ltr'><strong>naturam</strong></span> <span class='ocrx_word' id='word_1_151' title='bbox 919 1408 1080 1476; x_wconf 90' lang='lat' dir='ltr'><strong>omnium</strong></span> <span class='ocrx_word' id='word_1_152' title='bbox 1096 1430 1154 1476; x_wconf 90' lang='lat' dir='ltr'><strong>ar·</strong></span> <span class='ocrx_word' id='word_1_153' title='bbox 1200 1408 1338 1479; x_wconf 88' lang='lat' dir='ltr'><strong>catione</strong></span> <span class='ocrx_word' id='word_1_154' title='bbox 1354 1422 1388 1479; x_wconf 89' lang='lat' dir='ltr'><strong>et</strong></span> <span class='ocrx_word' id='word_1_155' title='bbox 1401 1403 1560 1480; x_wconf 87' lang='lat' dir='ltr'><strong>honestis</strong></span> <span class='ocrx_word' id='word_1_156' title='bbox 1573 1410 1697 1479; x_wconf 89' lang='lat' dir='ltr'><strong>officiis</strong></span> <span class='ocrx_word' id='word_1_157' title='bbox 1712 1411 1875 1480; x_wconf 90' lang='lat' dir='ltr'><strong>omnium</strong></span> <span class='ocrx_word' id='word_1_158' title='bbox 1886 1411 2060 1480; x_wconf 89' lang='lat' dir='ltr'><strong>virtutum</strong></span> <span class='ocrx_word' id='word_1_159' title='bbox 2075 1408 2192 1478; x_wconf 88' lang='lat' dir='ltr'><strong>decla-</strong></span> 
     </span>
     <span class='ocr_line' id='line_1_14' title="bbox 160 1502 2192 1608; baseline -0.007 -15"><span class='ocrx_word' id='word_1_160' title='bbox 160 1524 251 1596; x_wconf 89' lang='lat' dir='ltr'><strong>tium</strong></span> <span class='ocrx_word' id='word_1_161' title='bbox 276 1541 438 1608; x_wconf 88' lang='lat' dir='ltr'><strong>capacem</strong></span> <span class='ocrx_word' id='word_1_162' title='bbox 461 1537 544 1583; x_wconf 89' lang='lat' dir='ltr'><strong>esse.</strong></span> <span class='ocrx_word' id='word_1_163' title='bbox 594 1509 648 1581; x_wconf 86' lang='lat' dir='ltr'><strong>Ac</strong></span> <span class='ocrx_word' id='word_1_164' title='bbox 669 1510 824 1578; x_wconf 89' lang='lat' dir='ltr'><strong>vidimus</strong></span> <span class='ocrx_word' id='word_1_165' title='bbox 847 1533 928 1578; x_wconf 91' lang='lat' dir='ltr'><strong>eum</strong></span> <span class='ocrx_word' id='word_1_166' title='bbox 950 1532 1066 1579; x_wconf 91' lang='lat' dir='ltr'><strong>mores</strong></span> <span class='ocrx_word' id='word_1_167' title='bbox 1086 1502 1153 1577; x_wconf 88' lang='lat' dir='ltr'><strong>ho·</strong></span> <span class='ocrx_word' id='word_1_168' title='bbox 1200 1521 1266 1583; x_wconf 91' lang='lat' dir='ltr'><strong>rat.</strong></span> <span class='ocrx_word' id='word_1_169' title='bbox 1315 1507 1413 1581; x_wconf 90' lang='lat' dir='ltr'><strong>Haec</strong></span> <span class='ocrx_word' id='word_1_170' title='bbox 1441 1507 1664 1599; x_wconf 24' lang='lat' dir='ltr'><strong>dellohanne</strong></span> <span class='ocrx_word' id='word_1_171' title='bbox 1687 1511 1879 1581; x_wconf 87' lang='lat' dir='ltr'><strong>Prunstero</strong></span> <span class='ocrx_word' id='word_1_172' title='bbox 1902 1508 2192 1598; x_wconf 89' lang='lat' dir='ltr'><strong>Norimbergeusi</strong></span> 
     </span>
     <span class='ocr_line' id='line_1_15' title="bbox 159 1605 2192 1708; baseline -0.006 -13"><span class='ocrx_word' id='word_1_173' title='bbox 159 1636 260 1695; x_wconf 84' lang='lat' dir='ltr'><strong>ueste</strong></span> <span class='ocrx_word' id='word_1_174' title='bbox 291 1642 412 1708; x_wconf 89' lang='lat' dir='ltr'><strong>regere</strong></span> <span class='ocrx_word' id='word_1_175' title='bbox 434 1628 469 1687; x_wconf 89' lang='lat' dir='ltr'><strong>et</strong></span> <span class='ocrx_word' id='word_1_176' title='bbox 493 1615 671 1708; x_wconf 86' lang='lat' dir='ltr'><strong>quandam</strong></span> <span class='ocrx_word' id='word_1_177' title='bbox 697 1609 736 1678; x_wconf 88' lang='lat' dir='ltr'><strong>in</strong></span> <span class='ocrx_word' id='word_1_178' title='bbox 761 1611 929 1679; x_wconf 91' lang='lat' dir='ltr'><strong>omnibus</strong></span> <span class='ocrx_word' id='word_1_179' title='bbox 955 1610 1153 1679; x_wconf 88' lang='lat' dir='ltr'><strong>actionibus</strong></span> <span class='ocrx_word' id='word_1_180' title='bbox 1199 1622 1371 1681; x_wconf 88' lang='lat' dir='ltr'><strong>testamur</strong></span> <span class='ocrx_word' id='word_1_181' title='bbox 1402 1626 1436 1684; x_wconf 87' lang='lat' dir='ltr'><strong>et</strong></span> <span class='ocrx_word' id='word_1_182' title='bbox 1457 1610 1572 1692; x_wconf 87' lang='lat' dir='ltr'><strong>Deum</strong></span> <span class='ocrx_word' id='word_1_183' title='bbox 1597 1626 1781 1682; x_wconf 89' lang='lat' dir='ltr'><strong>aeternum</strong></span> <span class='ocrx_word' id='word_1_184' title='bbox 1806 1626 1941 1704; x_wconf 91' lang='lat' dir='ltr'><strong>patrem</strong></span> <span class='ocrx_word' id='word_1_185' title='bbox 1966 1609 2011 1686; x_wconf 87' lang='lat' dir='ltr'><strong>D.</strong></span> <span class='ocrx_word' id='word_1_186' title='bbox 2033 1608 2076 1684; x_wconf 91' lang='lat' dir='ltr'><strong>N.</strong></span> <span class='ocrx_word' id='word_1_187' title='bbox 2099 1609 2129 1684; x_wconf 95' lang='lat' dir='ltr'><strong>l.</strong></span> <span class='ocrx_word' id='word_1_188' title='bbox 2150 1605 2192 1683; x_wconf 79' lang='lat' dir='ltr'><strong>C.</strong></span> 
     </span>
     <span class='ocr_line' id='line_1_16' title="bbox 160 1706 2192 1819; baseline -0.007 -25"><span class='ocrx_word' id='word_1_189' title='bbox 160 1717 441 1819; x_wconf 83' lang='lat' dir='ltr'><strong>philosophicam</strong></span> <span class='ocrx_word' id='word_1_190' title='bbox 458 1713 738 1785; x_wconf 89' lang='lat' dir='ltr'><strong>moderationem</strong></span> <span class='ocrx_word' id='word_1_191' title='bbox 754 1706 936 1782; x_wconf 88' lang='lat' dir='ltr'><strong>adhibere.</strong></span> <span class='ocrx_word' id='word_1_192' title='bbox 961 1709 1152 1803; x_wconf 91' lang='lat' dir='ltr'><strong>Postquam</strong></span> <span class='ocrx_word' id='word_1_193' title='bbox 1201 1735 1359 1797; x_wconf 90' lang='lat' dir='ltr'><strong>oramus,</strong></span> <span class='ocrx_word' id='word_1_194' title='bbox 1384 1726 1425 1783; x_wconf 92' lang='lat' dir='ltr'><strong>ut</strong></span> <span class='ocrx_word' id='word_1_195' title='bbox 1450 1714 1525 1783; x_wconf 90' lang='lat' dir='ltr'><strong>eins</strong></span> <span class='ocrx_word' id='word_1_196' title='bbox 1541 1715 1649 1792; x_wconf 81' lang='lat' dir='ltr'><strong>vitam</strong></span> <span class='ocrx_word' id='word_1_197' title='bbox 1665 1728 1807 1785; x_wconf 91' lang='lat' dir='ltr'><strong>tueatur</strong></span> <span class='ocrx_word' id='word_1_198' title='bbox 1822 1726 1857 1783; x_wconf 89' lang='lat' dir='ltr'><strong>et</strong></span> <span class='ocrx_word' id='word_1_199' title='bbox 1877 1713 1992 1784; x_wconf 88' lang='lat' dir='ltr'><strong>studia</strong></span> <span class='ocrx_word' id='word_1_200' title='bbox 2007 1712 2192 1803; x_wconf 81' lang='lat' dir='ltr'><strong>gubernet,</strong></span> 
     </span>
     <span class='ocr_line' id='line_1_17' title="bbox 161 1811 2191 1908; baseline -0.008 -10"><span class='ocrx_word' id='word_1_201' title='bbox 161 1840 279 1898; x_wconf 88' lang='lat' dir='ltr'><strong>antem</strong></span> <span class='ocrx_word' id='word_1_202' title='bbox 300 1822 447 1891; x_wconf 89' lang='lat' dir='ltr'><strong>latinam</strong></span> <span class='ocrx_word' id='word_1_203' title='bbox 469 1819 627 1908; x_wconf 91' lang='lat' dir='ltr'><strong>linguam</strong></span> <span class='ocrx_word' id='word_1_204' title='bbox 652 1827 687 1884; x_wconf 91' lang='lat' dir='ltr'><strong>et</strong></span> <span class='ocrx_word' id='word_1_205' title='bbox 708 1835 765 1881; x_wconf 93' lang='lat' dir='ltr'><strong>eas</strong></span> <span class='ocrx_word' id='word_1_206' title='bbox 787 1827 880 1883; x_wconf 89' lang='lat' dir='ltr'><strong>artes</strong></span> <span class='ocrx_word' id='word_1_207' title='bbox 895 1811 1038 1899; x_wconf 91' lang='lat' dir='ltr'><strong>didicit,</strong></span> <span class='ocrx_word' id='word_1_208' title='bbox 1064 1835 1153 1904; x_wconf 90' lang='lat' dir='ltr'><strong>quae</strong></span> <span class='ocrx_word' id='word_1_209' title='bbox 1200 1827 1241 1882; x_wconf 92' lang='lat' dir='ltr'><strong>ut</strong></span> <span class='ocrx_word' id='word_1_210' title='bbox 1258 1813 1326 1904; x_wconf 91' lang='lat' dir='ltr'><strong>ipsi</strong></span> <span class='ocrx_word' id='word_1_211' title='bbox 1342 1827 1377 1884; x_wconf 90' lang='lat' dir='ltr'><strong>et</strong></span> <span class='ocrx_word' id='word_1_212' title='bbox 1392 1814 1480 1906; x_wconf 91' lang='lat' dir='ltr'><strong>reip.</strong></span> <span class='ocrx_word' id='word_1_213' title='bbox 1496 1816 1662 1886; x_wconf 91' lang='lat' dir='ltr'><strong>salutaria</strong></span> <span class='ocrx_word' id='word_1_214' title='bbox 1677 1817 1758 1886; x_wconf 84' lang='lat' dir='ltr'><strong>sint.</strong></span> <span class='ocrx_word' id='word_1_215' title='bbox 1807 1813 1946 1885; x_wconf 90' lang='lat' dir='ltr'><strong>Patriae</strong></span> <span class='ocrx_word' id='word_1_216' title='bbox 1961 1815 2066 1885; x_wconf 91' lang='lat' dir='ltr'><strong>etiam</strong></span> <span class='ocrx_word' id='word_1_217' title='bbox 2079 1813 2191 1905; x_wconf 82' lang='lat' dir='ltr'><strong>ipsius</strong></span> 
     </span>
     <span class='ocr_line' id='line_1_18' title="bbox 161 1912 2191 2021; baseline -0.008 -22"><span class='ocrx_word' id='word_1_218' title='bbox 161 1925 331 2021; x_wconf 90' lang='lat' dir='ltr'><strong>loquendi</strong></span> <span class='ocrx_word' id='word_1_219' title='bbox 354 1937 389 1992; x_wconf 89' lang='lat' dir='ltr'><strong>et</strong></span> <span class='ocrx_word' id='word_1_220' title='bbox 408 1917 604 1989; x_wconf 89' lang='lat' dir='ltr'><strong>disserendi</strong></span> <span class='ocrx_word' id='word_1_221' title='bbox 619 1916 795 1986; x_wconf 86' lang='lat' dir='ltr'><strong>rationem</strong></span> <span class='ocrx_word' id='word_1_222' title='bbox 811 1926 1027 1999; x_wconf 79' lang='lat' dir='ltr'><strong>monstrant3</strong></span> <span class='ocrx_word' id='word_1_223' title='bbox 1055 1913 1154 1983; x_wconf 85' lang='lat' dir='ltr'><strong>dedit</strong></span> <span class='ocrx_word' id='word_1_224' title='bbox 1200 1912 1432 2004; x_wconf 79' lang='lat' dir='ltr'><strong>Norihergae‚</strong></span> <span class='ocrx_word' id='word_1_225' title='bbox 1458 1940 1547 2008; x_wconf 90' lang='lat' dir='ltr'><strong>quae</strong></span> <span class='ocrx_word' id='word_1_226' title='bbox 1566 1917 1787 1987; x_wconf 90' lang='lat' dir='ltr'><strong>domicilium</strong></span> <span class='ocrx_word' id='word_1_227' title='bbox 1805 1929 1857 1986; x_wconf 88' lang='lat' dir='ltr'><strong>est</strong></span> <span class='ocrx_word' id='word_1_228' title='bbox 1880 1929 1980 1986; x_wconf 91' lang='lat' dir='ltr'><strong>vetus</strong></span> <span class='ocrx_word' id='word_1_229' title='bbox 1996 1915 2138 1984; x_wconf 86' lang='lat' dir='ltr'><strong>virtutis</strong></span> <span class='ocrx_word' id='word_1_230' title='bbox 2156 1928 2191 1984; x_wconf 89' lang='lat' dir='ltr'><strong>st</strong></span> 
     </span>
     <span class='ocr_line' id='line_1_19' title="bbox 159 2011 2188 2116; baseline -0.009 -18"><span class='ocrx_word' id='word_1_231' title='bbox 159 2053 197 2101; x_wconf 90' lang='lat' dir='ltr'><strong>se</strong></span> <span class='ocrx_word' id='word_1_232' title='bbox 216 2017 470 2116; x_wconf 82' lang='lat' dir='ltr'><strong>Philosophiae</strong></span> <span class='ocrx_word' id='word_1_233' title='bbox 491 2019 629 2091; x_wconf 87' lang='lat' dir='ltr'><strong>studiis.</strong></span> <span class='ocrx_word' id='word_1_234' title='bbox 677 2012 727 2087; x_wconf 85' lang='lat' dir='ltr'><strong>Et</strong></span> <span class='ocrx_word' id='word_1_235' title='bbox 748 2040 829 2086; x_wconf 92' lang='lat' dir='ltr'><strong>cum</strong></span> <span class='ocrx_word' id='word_1_236' title='bbox 846 2011 874 2112; x_wconf 84' lang='lat'><strong>¹)</strong></span> <span class='ocrx_word' id='word_1_237' title='bbox 900 2038 973 2083; x_wconf 91' lang='lat' dir='ltr'><strong>non</strong></span> <span class='ocrx_word' id='word_1_238' title='bbox 989 2014 1152 2083; x_wconf 89' lang='lat' dir='ltr'><strong>umbram</strong></span> <span class='ocrx_word' id='word_1_239' title='bbox 1201 2014 1382 2085; x_wconf 89' lang='lat' dir='ltr'><strong>doctrinae</strong></span> <span class='ocrx_word' id='word_1_240' title='bbox 1414 2011 1679 2109; x_wconf 89' lang='lat' dir='ltr'><strong>philosophicae</strong></span> <span class='ocrx_word' id='word_1_241' title='bbox 1702 2017 1920 2106; x_wconf 87' lang='lat' dir='ltr'><strong>gratulamur</strong></span> <span class='ocrx_word' id='word_1_242' title='bbox 1943 2011 2040 2085; x_wconf 92' lang='lat' dir='ltr'><strong>hunc</strong></span> <span class='ocrx_word' id='word_1_243' title='bbox 2062 2015 2188 2098; x_wconf 88' lang='lat' dir='ltr'><strong>civem,</strong></span> 
     </span>
     <span class='ocr_line' id='line_1_20' title="bbox 157 2111 2189 2211; baseline -0.009 -10"><span class='ocrx_word' id='word_1_244' title='bbox 157 2141 300 2203; x_wconf 86' lang='lat' dir='ltr'><strong>tantum</strong></span> <span class='ocrx_word' id='word_1_245' title='bbox 326 2124 508 2195; x_wconf 90' lang='lat' dir='ltr'><strong>doctrinae</strong></span> <span class='ocrx_word' id='word_1_246' title='bbox 534 2121 670 2191; x_wconf 87' lang='lat' dir='ltr'><strong>anferre</strong></span> <span class='ocrx_word' id='word_1_247' title='bbox 691 2130 856 2209; x_wconf 88' lang='lat' dir='ltr'><strong>cuperet,</strong></span> <span class='ocrx_word' id='word_1_248' title='bbox 890 2117 951 2186; x_wconf 89' lang='lat' dir='ltr'><strong>sed</strong></span> <span class='ocrx_word' id='word_1_249' title='bbox 976 2138 1097 2184; x_wconf 89' lang='lat' dir='ltr'><strong>veram</strong></span> <span class='ocrx_word' id='word_1_250' title='bbox 1119 2127 1153 2184; x_wconf 89' lang='lat' dir='ltr'><strong>et</strong></span> <span class='ocrx_word' id='word_1_251' title='bbox 1200 2139 1350 2209; x_wconf 91' lang='lat' dir='ltr'><strong>eumque</strong></span> <span class='ocrx_word' id='word_1_252' title='bbox 1373 2111 1576 2203; x_wconf 90' lang='lat' dir='ltr'><strong>hortamur,</strong></span> <span class='ocrx_word' id='word_1_253' title='bbox 1600 2132 1640 2188; x_wconf 93' lang='lat' dir='ltr'><strong>ut</strong></span> <span class='ocrx_word' id='word_1_254' title='bbox 1661 2118 1798 2211; x_wconf 88' lang='lat' dir='ltr'><strong>aliquid</strong></span> <span class='ocrx_word' id='word_1_255' title='bbox 1824 2140 1950 2209; x_wconf 88' lang='lat' dir='ltr'><strong>operae</strong></span> <span class='ocrx_word' id='word_1_256' title='bbox 1970 2116 2128 2187; x_wconf 88' lang='lat' dir='ltr'><strong>conferat</strong></span> <span class='ocrx_word' id='word_1_257' title='bbox 2142 2118 2189 2184; x_wconf 88' lang='lat' dir='ltr'><strong>ad</strong></span> 
     </span>
     <span class='ocr_line' id='line_1_21' title="bbox 161 2214 2190 2310; baseline -0.01 -5"><span class='ocrx_word' id='word_1_258' title='bbox 161 2232 313 2305; x_wconf 88' lang='lat' dir='ltr'><strong>solidam</strong></span> <span class='ocrx_word' id='word_1_259' title='bbox 338 2225 573 2295; x_wconf 89' lang='lat' dir='ltr'><strong>eruditionem</strong></span> <span class='ocrx_word' id='word_1_260' title='bbox 596 2220 691 2293; x_wconf 89' lang='lat' dir='ltr'><strong>vitae</strong></span> <span class='ocrx_word' id='word_1_261' title='bbox 717 2220 842 2289; x_wconf 89' lang='lat' dir='ltr'><strong>utilem</strong></span> <span class='ocrx_word' id='word_1_262' title='bbox 865 2228 1062 2309; x_wconf 87' lang='lat' dir='ltr'><strong>appeteret,</strong></span> <span class='ocrx_word' id='word_1_263' title='bbox 1092 2240 1152 2286; x_wconf 87' lang='lat' dir='ltr'><strong>or·</strong></span> <span class='ocrx_word' id='word_1_264' title='bbox 1186 2219 1446 2310; x_wconf 84' lang='lat' dir='ltr'><strong>propagandas</strong></span> <span class='ocrx_word' id='word_1_265' title='bbox 1465 2221 1508 2289; x_wconf 90' lang='lat' dir='ltr'><strong>ad</strong></span> <span class='ocrx_word' id='word_1_266' title='bbox 1533 2220 1769 2310; x_wconf 81' lang='lat' dir='ltr'><strong>posteritatem</strong></span> <span class='ocrx_word' id='word_1_267' title='bbox 1793 2214 1857 2288; x_wconf 90' lang='lat' dir='ltr'><strong>has</strong></span> <span class='ocrx_word' id='word_1_268' title='bbox 1871 2231 1981 2302; x_wconf 89' lang='lat' dir='ltr'><strong>artes,</strong></span> <span class='ocrx_word' id='word_1_269' title='bbox 2006 2240 2094 2310; x_wconf 92' lang='lat' dir='ltr'><strong>quas</strong></span> <span class='ocrx_word' id='word_1_270' title='bbox 2108 2215 2190 2286; x_wconf 86' lang='lat' dir='ltr'><strong>feli-</strong></span> 
     </span>
     <span class='ocr_line' id='line_1_22' title="bbox 161 2317 2189 2412; baseline -0.008 -9"><span class='ocrx_word' id='word_1_271' title='bbox 161 2334 247 2404; x_wconf 89' lang='lat' dir='ltr'><strong>dine</strong></span> <span class='ocrx_word' id='word_1_272' title='bbox 269 2328 394 2399; x_wconf 90' lang='lat' dir='ltr'><strong>didicit</strong></span> <span class='ocrx_word' id='word_1_273' title='bbox 416 2318 633 2396; x_wconf 90' lang='lat' dir='ltr'><strong>Mathemata</strong></span> <span class='ocrx_word' id='word_1_274' title='bbox 658 2345 679 2391; x_wconf 91' lang='lat' dir='ltr'><strong>a</strong></span> <span class='ocrx_word' id='word_1_275' title='bbox 701 2321 794 2390; x_wconf 88' lang='lat' dir='ltr'><strong>veris</strong></span> <span class='ocrx_word' id='word_1_276' title='bbox 815 2320 928 2389; x_wconf 89' lang='lat' dir='ltr'><strong>initiis</strong></span> <span class='ocrx_word' id='word_1_277' title='bbox 947 2338 1153 2410; x_wconf 87' lang='lat' dir='ltr'><strong>progressus</strong></span> <span class='ocrx_word' id='word_1_278' title='bbox 1199 2318 1287 2389; x_wconf 91' lang='lat' dir='ltr'><strong>citer</strong></span> <span class='ocrx_word' id='word_1_279' title='bbox 1316 2319 1451 2392; x_wconf 87' lang='lat' dir='ltr'><strong>didicit.</strong></span> <span class='ocrx_word' id='word_1_280' title='bbox 1507 2317 1580 2389; x_wconf 90' lang='lat' dir='ltr'><strong>Nec</strong></span> <span class='ocrx_word' id='word_1_281' title='bbox 1607 2344 1692 2389; x_wconf 88' lang='lat' dir='ltr'><strong>vero</strong></span> <span class='ocrx_word' id='word_1_282' title='bbox 1720 2320 1906 2390; x_wconf 88' lang='lat' dir='ltr'><strong>amabilius</strong></span> <span class='ocrx_word' id='word_1_283' title='bbox 1927 2318 2115 2412; x_wconf 91' lang='lat' dir='ltr'><strong>quicquam</strong></span> <span class='ocrx_word' id='word_1_284' title='bbox 2137 2331 2189 2386; x_wconf 90' lang='lat' dir='ltr'><strong>est</strong></span> 
     </span>
     <span class='ocr_line' id='line_1_23' title="bbox 160 2414 2191 2517; baseline -0.008 -13"><span class='ocrx_word' id='word_1_285' title='bbox 160 2436 206 2504; x_wconf 92' lang='lat' dir='ltr'><strong>ad</strong></span> <span class='ocrx_word' id='word_1_286' title='bbox 220 2429 445 2502; x_wconf 89' lang='lat' dir='ltr'><strong>abstrusiora.</strong></span> <span class='ocrx_word' id='word_1_287' title='bbox 494 2422 658 2517; x_wconf 86' lang='lat' dir='ltr'><strong>Cumque</strong></span> <span class='ocrx_word' id='word_1_288' title='bbox 672 2423 717 2492; x_wconf 92' lang='lat' dir='ltr'><strong>ad</strong></span> <span class='ocrx_word' id='word_1_289' title='bbox 732 2416 817 2492; x_wconf 88' lang='lat' dir='ltr'><strong>haec</strong></span> <span class='ocrx_word' id='word_1_290' title='bbox 833 2416 1009 2516; x_wconf 89' lang='lat' dir='ltr'><strong>Physicen</strong></span> <span class='ocrx_word' id='word_1_291' title='bbox 1023 2419 1153 2489; x_wconf 93' lang='lat' dir='ltr'><strong>adiun-</strong></span> <span class='ocrx_word' id='word_1_292' title='bbox 1198 2419 1341 2494; x_wconf 88' lang='lat' dir='ltr'><strong>virtute.</strong></span> <span class='ocrx_word' id='word_1_293' title='bbox 1386 2419 1541 2513; x_wconf 87' lang='lat' dir='ltr'><strong>Ideoque</strong></span> <span class='ocrx_word' id='word_1_294' title='bbox 1557 2414 1650 2491; x_wconf 89' lang='lat' dir='ltr'><strong>haud</strong></span> <span class='ocrx_word' id='word_1_295' title='bbox 1667 2422 1775 2490; x_wconf 88' lang='lat' dir='ltr'><strong>dubie</strong></span> <span class='ocrx_word' id='word_1_296' title='bbox 1792 2445 1872 2490; x_wconf 89' lang='lat' dir='ltr'><strong>eum</strong></span> <span class='ocrx_word' id='word_1_297' title='bbox 1888 2421 1973 2490; x_wconf 93' lang='lat' dir='ltr'><strong>boni</strong></span> <span class='ocrx_word' id='word_1_298' title='bbox 1989 2420 2059 2488; x_wconf 89' lang='lat' dir='ltr'><strong>viri</strong></span> <span class='ocrx_word' id='word_1_299' title='bbox 2073 2420 2191 2488; x_wconf 87' lang='lat' dir='ltr'><strong>liben-</strong></span> 
     </span>
     <span class='ocr_line' id='line_1_24' title="bbox 159 2515 2190 2626; baseline -0.008 -22"><span class='ocrx_word' id='word_1_300' title='bbox 159 2547 273 2626; x_wconf 87' lang='lat' dir='ltr'><strong>geret,</strong></span> <span class='ocrx_word' id='word_1_301' title='bbox 299 2532 503 2622; x_wconf 88' lang='lat' dir='ltr'><strong>videretque</strong></span> <span class='ocrx_word' id='word_1_302' title='bbox 519 2525 683 2596; x_wconf 90' lang='lat' dir='ltr'><strong>inutilem</strong></span> <span class='ocrx_word' id='word_1_303' title='bbox 699 2546 772 2592; x_wconf 87' lang='lat' dir='ltr'><strong>esse</strong></span> <span class='ocrx_word' id='word_1_304' title='bbox 788 2520 1110 2593; x_wconf 84' lang='lat' dir='ltr'><strong>considerationem</strong></span> <span class='ocrx_word' id='word_1_305' title='bbox 1120 2515 1153 2614; x_wconf 84' lang='lat'><strong>²)</strong></span> <span class='ocrx_word' id='word_1_306' title='bbox 1200 2534 1252 2590; x_wconf 90' lang='lat' dir='ltr'><strong>ter</strong></span> <span class='ocrx_word' id='word_1_307' title='bbox 1283 2535 1318 2591; x_wconf 91' lang='lat' dir='ltr'><strong>et</strong></span> <span class='ocrx_word' id='word_1_308' title='bbox 1345 2545 1408 2591; x_wconf 92' lang='lat' dir='ltr'><strong>suo</strong></span> <span class='ocrx_word' id='word_1_309' title='bbox 1439 2522 1572 2592; x_wconf 90' lang='lat' dir='ltr'><strong>iudicio</strong></span> <span class='ocrx_word' id='word_1_310' title='bbox 1596 2523 1890 2613; x_wconf 89' lang='lat' dir='ltr'><strong>complectentur,</strong></span> <span class='ocrx_word' id='word_1_311' title='bbox 1921 2520 2190 2610; x_wconf 78' lang='lat' dir='ltr'><strong>ubi&#39;ingeninm</strong></span> 
     </span>
     <span class='ocr_line' id='line_1_25' title="bbox 159 2621 2190 2717; baseline -0.009 -10"><span class='ocrx_word' id='word_1_312' title='bbox 159 2635 336 2717; x_wconf 89' lang='lat' dir='ltr'><strong>materiae,</strong></span> <span class='ocrx_word' id='word_1_313' title='bbox 351 2630 542 2700; x_wconf 89' lang='lat' dir='ltr'><strong>nisietiam</strong></span> <span class='ocrx_word' id='word_1_314' title='bbox 557 2628 620 2696; x_wconf 91' lang='lat' dir='ltr'><strong>illa</strong></span> <span class='ocrx_word' id='word_1_315' title='bbox 635 2625 797 2715; x_wconf 90' lang='lat' dir='ltr'><strong>superior</strong></span> <span class='ocrx_word' id='word_1_316' title='bbox 811 2647 914 2694; x_wconf 90' lang='lat' dir='ltr'><strong>causa</strong></span> <span class='ocrx_word' id='word_1_317' title='bbox 927 2621 1153 2714; x_wconf 81' lang='lat' dir='ltr'><strong>aspiceretur,</strong></span> <span class='ocrx_word' id='word_1_318' title='bbox 1200 2624 1293 2704; x_wconf 88' lang='lat' dir='ltr'><strong>eius,</strong></span> <span class='ocrx_word' id='word_1_319' title='bbox 1318 2647 1435 2692; x_wconf 92' lang='lat' dir='ltr'><strong>mores</strong></span> <span class='ocrx_word' id='word_1_320' title='bbox 1456 2636 1489 2715; x_wconf 86' lang='lat' dir='ltr'><strong>et</strong></span> <span class='ocrx_word' id='word_1_321' title='bbox 1509 2624 1624 2694; x_wconf 90' lang='lat' dir='ltr'><strong>studia</strong></span> <span class='ocrx_word' id='word_1_322' title='bbox 1645 2624 1929 2697; x_wconf 89' lang='lat' dir='ltr'><strong>considerabunt.</strong></span> <span class='ocrx_word' id='word_1_323' title='bbox 1980 2621 2078 2710; x_wconf 87' lang='lat' dir='ltr'><strong>Quid</strong></span> <span class='ocrx_word' id='word_1_324' title='bbox 2092 2622 2190 2690; x_wconf 89' lang='lat' dir='ltr'><strong>enim</strong></span> 
     </span>
     <span class='ocr_line' id='line_1_26' title="bbox 158 2720 2299 2832; baseline -0.007 -26"><span class='ocrx_word' id='word_1_325' title='bbox 158 2736 249 2832; x_wconf 82' lang='lat' dir='ltr'><strong>qua&#39;e</strong></span> <span class='ocrx_word' id='word_1_326' title='bbox 273 2732 457 2804; x_wconf 85' lang='lat' dir='ltr'><strong>materiam</strong></span> <span class='ocrx_word' id='word_1_327' title='bbox 482 2742 602 2798; x_wconf 90' lang='lat' dir='ltr'><strong>movet</strong></span> <span class='ocrx_word' id='word_1_328' title='bbox 615 2723 644 2820; x_wconf 83' lang='lat'><strong>³)</strong></span> <span class='ocrx_word' id='word_1_329' title='bbox 670 2741 705 2796; x_wconf 92' lang='lat' dir='ltr'><strong>et</strong></span> <span class='ocrx_word' id='word_1_330' title='bbox 727 2727 815 2809; x_wconf 89' lang='lat' dir='ltr'><strong>ciet,</strong></span> <span class='ocrx_word' id='word_1_331' title='bbox 845 2724 1010 2794; x_wconf 87' lang='lat' dir='ltr'><strong>videlicet</strong></span> <span class='ocrx_word' id='word_1_332' title='bbox 1034 2735 1152 2792; x_wconf 89' lang='lat' dir='ltr'><strong>motus</strong></span> <span class='ocrx_word' id='word_1_333' title='bbox 1199 2724 1338 2793; x_wconf 88' lang='lat' dir='ltr'><strong>dulcius</strong></span> <span class='ocrx_word' id='word_1_334' title='bbox 1361 2737 1411 2793; x_wconf 92' lang='lat' dir='ltr'><strong>est</strong></span> <span class='ocrx_word' id='word_1_335' title='bbox 1429 2726 1683 2794; x_wconf 89' lang='lat' dir='ltr'><strong>consuetudine</strong></span> <span class='ocrx_word' id='word_1_336' title='bbox 1701 2720 1858 2794; x_wconf 92' lang='lat' dir='ltr'><strong>hominis</strong></span> <span class='ocrx_word' id='word_1_337' title='bbox 1873 2739 1999 2794; x_wconf 91' lang='lat' dir='ltr'><strong>natura</strong></span> <span class='ocrx_word' id='word_1_338' title='bbox 2014 2723 2189 2793; x_wconf 87' lang='lat' dir='ltr'><strong>moderati</strong></span> <span class='ocrx_word' id='word_1_339' title='bbox 2296 2803 2299 2807; x_wconf 20' lang='lat'>¹</span> 
     </span>
     <span class='ocr_line' id='line_1_27' title="bbox 159 2821 2190 2921; baseline -0.008 -12"><span class='ocrx_word' id='word_1_340' title='bbox 159 2839 248 2909; x_wconf 91' lang='lat' dir='ltr'><strong>coeli</strong></span> <span class='ocrx_word' id='word_1_341' title='bbox 264 2851 298 2907; x_wconf 91' lang='lat' dir='ltr'><strong>et</strong></span> <span class='ocrx_word' id='word_1_342' title='bbox 312 2836 480 2916; x_wconf 88' lang='lat' dir='ltr'><strong>siderum,</strong></span> <span class='ocrx_word' id='word_1_343' title='bbox 499 2831 688 2921; x_wconf 89' lang='lat' dir='ltr'><strong>diligenter</strong></span> <span class='ocrx_word' id='word_1_344' title='bbox 701 2827 909 2912; x_wconf 87' lang='lat' dir='ltr'><strong>elaboravit,</strong></span> <span class='ocrx_word' id='word_1_345' title='bbox 939 2825 977 2893; x_wconf 92' lang='lat' dir='ltr'><strong>in</strong></span> <span class='ocrx_word' id='word_1_346' title='bbox 995 2847 1035 2892; x_wconf 85' lang='lat' dir='ltr'><strong>aa</strong></span> <span class='ocrx_word' id='word_1_347' title='bbox 1053 2837 1152 2914; x_wconf 90' lang='lat' dir='ltr'><strong>parte</strong></span> <span class='ocrx_word' id='word_1_348' title='bbox 1199 2838 1232 2894; x_wconf 89' lang='lat' dir='ltr'><strong>et</strong></span> <span class='ocrx_word' id='word_1_349' title='bbox 1263 2826 1462 2895; x_wconf 88' lang='lat' dir='ltr'><strong>eruditione</strong></span> <span class='ocrx_word' id='word_1_350' title='bbox 1488 2850 1528 2895; x_wconf 91' lang='lat' dir='ltr'><strong>ac</strong></span> <span class='ocrx_word' id='word_1_351' title='bbox 1557 2821 1783 2918; x_wconf 88' lang='lat' dir='ltr'><strong>philosophia</strong></span> <span class='ocrx_word' id='word_1_352' title='bbox 1806 2839 1930 2895; x_wconf 71' lang='lat' dir='ltr'><strong>‘motus</strong></span> <span class='ocrx_word' id='word_1_353' title='bbox 1958 2848 2080 2893; x_wconf 90' lang='lat' dir='ltr'><strong>omnes</strong></span> <span class='ocrx_word' id='word_1_354' title='bbox 2110 2838 2190 2894; x_wconf 91' lang='lat' dir='ltr'><strong>tan·</strong></span> 
     </span>
     <span class='ocr_line' id='line_1_28' title="bbox 151 2925 2190 3024; baseline -0.007 -14"><span class='ocrx_word' id='word_1_355' title='bbox 151 2939 320 3010; x_wconf 90' lang='lat' dir='ltr'><strong>omnium</strong></span> <span class='ocrx_word' id='word_1_356' title='bbox 343 2935 566 3017; x_wconf 82' lang='lat' dir='ltr'><strong>dulcissima,</strong></span> <span class='ocrx_word' id='word_1_357' title='bbox 594 2954 684 3024; x_wconf 91' lang='lat' dir='ltr'><strong>quae</strong></span> <span class='ocrx_word' id='word_1_358' title='bbox 705 2943 825 3000; x_wconf 92' lang='lat' dir='ltr'><strong>motus</strong></span> <span class='ocrx_word' id='word_1_359' title='bbox 845 2940 879 2998; x_wconf 89' lang='lat' dir='ltr'><strong>et</strong></span> <span class='ocrx_word' id='word_1_360' title='bbox 900 2925 1151 2998; x_wconf 90' lang='lat' dir='ltr'><strong>effectusside-</strong></span> <span class='ocrx_word' id='word_1_361' title='bbox 1199 2951 1304 3019; x_wconf 87' lang='lat' dir='ltr'><strong>qnam</strong></span> <span class='ocrx_word' id='word_1_362' title='bbox 1330 2951 1434 2996; x_wconf 86' lang='lat' dir='ltr'><strong>aureo</strong></span> <span class='ocrx_word' id='word_1_363' title='bbox 1457 2929 1558 2996; x_wconf 89' lang='lat' dir='ltr'><strong>freno</strong></span> <span class='ocrx_word' id='word_1_364' title='bbox 1580 2927 1756 3017; x_wconf 86' lang='lat' dir='ltr'><strong>regentis?</strong></span> <span class='ocrx_word' id='word_1_365' title='bbox 1806 2925 1876 2997; x_wconf 90' lang='lat' dir='ltr'><strong>Sed</strong></span> <span class='ocrx_word' id='word_1_366' title='bbox 1898 2940 2017 2995; x_wconf 90' lang='lat' dir='ltr'><strong>tamen</strong></span> <span class='ocrx_word' id='word_1_367' title='bbox 2039 2925 2121 3017; x_wconf 92' lang='lat' dir='ltr'><strong>qnia</strong></span> <span class='ocrx_word' id='word_1_368' title='bbox 2138 2942 2190 2995; x_wconf 86' lang='lat' dir='ltr'><strong>te-</strong></span> 
     </span>
     <span class='ocr_line' id='line_1_29' title="bbox 151 3025 2249 3130; baseline -0.008 -20"><span class='ocrx_word' id='word_1_369' title='bbox 151 3037 417 3130; x_wconf 59' lang='lat' dir='ltr'><strong>‘rum&#39;inquirit</strong></span> <span class='ocrx_word' id='word_1_370' title='bbox 442 3058 531 3128; x_wconf 91' lang='lat' dir='ltr'><strong>quae</strong></span> <span class='ocrx_word' id='word_1_371' title='bbox 546 3034 690 3124; x_wconf 87' lang='lat' dir='ltr'><strong>quidem</strong></span> <span class='ocrx_word' id='word_1_372' title='bbox 703 3055 785 3101; x_wconf 88' lang='lat' dir='ltr'><strong>cum</strong></span> <span class='ocrx_word' id='word_1_373' title='bbox 796 3044 942 3121; x_wconf 91' lang='lat' dir='ltr'><strong>propter</strong></span> <span class='ocrx_word' id='word_1_374' title='bbox 953 3028 1044 3107; x_wconf 88' lang='lat' dir='ltr'><strong>alias</strong></span> <span class='ocrx_word' id='word_1_375' title='bbox 1056 3027 1152 3096; x_wconf 89' lang='lat' dir='ltr'><strong>mul·</strong></span> <span class='ocrx_word' id='word_1_376' title='bbox 1198 3028 1406 3097; x_wconf 89' lang='lat' dir='ltr'><strong>stimonium</strong></span> <span class='ocrx_word' id='word_1_377' title='bbox 1433 3041 1602 3120; x_wconf 79' lang='lat' dir='ltr'><strong>nostrum¹</strong></span> <span class='ocrx_word' id='word_1_378' title='bbox 1625 3028 1814 3116; x_wconf 89' lang='lat' dir='ltr'><strong>flagitavit,</strong></span> <span class='ocrx_word' id='word_1_379' title='bbox 1849 3027 2002 3095; x_wconf 90' lang='lat' dir='ltr'><strong>libenter</strong></span> <span class='ocrx_word' id='word_1_380' title='bbox 2030 3026 2067 3093; x_wconf 93' lang='lat' dir='ltr'><strong>id</strong></span> <span class='ocrx_word' id='word_1_381' title='bbox 2098 3025 2129 3093; x_wconf 91' lang='lat' dir='ltr'><strong>ei</strong></span> <span class='ocrx_word' id='word_1_382' title='bbox 2154 3038 2189 3094; x_wconf 90' lang='lat' dir='ltr'><strong>et</strong></span> <span class='ocrx_word' id='word_1_383' title='bbox 2246 3075 2249 3080; x_wconf 87' lang='lat'>-</span> 
     </span>
     <span class='ocr_line' id='line_1_30' title="bbox 157 3119 2190 3223; baseline -0.008 -12"><span class='ocrx_word' id='word_1_384' title='bbox 157 3154 213 3212; x_wconf 90' lang='lat' dir='ltr'><strong>tas</strong></span> <span class='ocrx_word' id='word_1_385' title='bbox 242 3140 413 3208; x_wconf 90' lang='lat' dir='ltr'><strong>utilitates</strong></span> <span class='ocrx_word' id='word_1_386' title='bbox 440 3134 643 3223; x_wconf 91' lang='lat' dir='ltr'><strong>cognitione</strong></span> <span class='ocrx_word' id='word_1_387' title='bbox 667 3132 774 3220; x_wconf 89' lang='lat' dir='ltr'><strong>digna</strong></span> <span class='ocrx_word' id='word_1_388' title='bbox 797 3142 868 3214; x_wconf 89' lang='lat' dir='ltr'><strong>est,</strong></span> <span class='ocrx_word' id='word_1_389' title='bbox 900 3128 977 3199; x_wconf 87' lang='lat' dir='ltr'><strong>tum</strong></span> <span class='ocrx_word' id='word_1_390' title='bbox 1000 3151 1084 3196; x_wconf 86' lang='lat' dir='ltr'><strong>vero</strong></span> <span class='ocrx_word' id='word_1_391' title='bbox 1107 3150 1149 3196; x_wconf 90' lang='lat' dir='ltr'><strong>eo</strong></span> <span class='ocrx_word' id='word_1_392' title='bbox 1198 3130 1292 3199; x_wconf 90' lang='lat' dir='ltr'><strong>bona</strong></span> <span class='ocrx_word' id='word_1_393' title='bbox 1322 3129 1390 3197; x_wconf 88' lang='lat' dir='ltr'><strong>fide</strong></span> <span class='ocrx_word' id='word_1_394' title='bbox 1418 3129 1597 3211; x_wconf 85' lang='lat' dir='ltr'><strong>dedimus,</strong></span> <span class='ocrx_word' id='word_1_395' title='bbox 1630 3140 1663 3195; x_wconf 91' lang='lat' dir='ltr'><strong>et</strong></span> <span class='ocrx_word' id='word_1_396' title='bbox 1683 3119 1865 3216; x_wconf 72' lang='lat' dir='ltr'><strong>optamus,</strong></span> <span class='ocrx_word' id='word_1_397' title='bbox 1892 3140 1933 3196; x_wconf 93' lang='lat' dir='ltr'><strong>ut</strong></span> <span class='ocrx_word' id='word_1_398' title='bbox 1956 3138 2100 3217; x_wconf 85' lang='lat' dir='ltr'><strong>propter</strong></span> <span class='ocrx_word' id='word_1_399' title='bbox 2122 3150 2190 3195; x_wconf 92' lang='lat' dir='ltr'><strong>no-</strong></span> 
     </span>
     <span class='ocr_line' id='line_1_31' title="bbox 160 3226 2189 3327; baseline -0.007 -16"><span class='ocrx_word' id='word_1_400' title='bbox 160 3239 352 3311; x_wconf 89' lang='lat' dir='ltr'><strong>studiosius</strong></span> <span class='ocrx_word' id='word_1_401' title='bbox 365 3235 621 3306; x_wconf 88' lang='lat' dir='ltr'><strong>consideranda</strong></span> <span class='ocrx_word' id='word_1_402' title='bbox 639 3245 707 3311; x_wconf 87' lang='lat' dir='ltr'><strong>est,</strong></span> <span class='ocrx_word' id='word_1_403' title='bbox 732 3232 829 3325; x_wconf 91' lang='lat' dir='ltr'><strong>quod</strong></span> <span class='ocrx_word' id='word_1_404' title='bbox 846 3226 1031 3299; x_wconf 89' lang='lat' dir='ltr'><strong>hominum</strong></span> <span class='ocrx_word' id='word_1_405' title='bbox 1049 3250 1151 3296; x_wconf 85' lang='lat' dir='ltr'><strong>men·</strong></span> <span class='ocrx_word' id='word_1_406' title='bbox 1198 3244 1310 3299; x_wconf 90' lang='lat' dir='ltr'><strong>strum</strong></span> <span class='ocrx_word' id='word_1_407' title='bbox 1325 3230 1430 3327; x_wconf 68' lang='lat' dir='ltr'><strong>etiam</strong></span> <span class='ocrx_word' id='word_1_408' title='bbox 1447 3229 1491 3297; x_wconf 91' lang='lat' dir='ltr'><strong>de</strong></span> <span class='ocrx_word' id='word_1_409' title='bbox 1507 3229 1582 3318; x_wconf 92' lang='lat' dir='ltr'><strong>ipso</strong></span> <span class='ocrx_word' id='word_1_410' title='bbox 1597 3227 1771 3297; x_wconf 88' lang='lat' dir='ltr'><strong>iudicium</strong></span> <span class='ocrx_word' id='word_1_411' title='bbox 1785 3227 1897 3319; x_wconf 90' lang='lat' dir='ltr'><strong>aliqui</strong></span> <span class='ocrx_word' id='word_1_412' title='bbox 1914 3226 1983 3295; x_wconf 88' lang='lat' dir='ltr'><strong>viri</strong></span> <span class='ocrx_word' id='word_1_413' title='bbox 1997 3226 2092 3304; x_wconf 85' lang='lat' dir='ltr'><strong>docti</strong></span> <span class='ocrx_word' id='word_1_414' title='bbox 2108 3251 2189 3311; x_wconf 83' lang='lat' dir='ltr'><strong>eum</strong></span> 
     </span>
     <span class='ocr_line' id='line_1_32' title="bbox 158 3324 2189 3427; baseline -0.004 -17"><span class='ocrx_word' id='word_1_415' title='bbox 158 3354 212 3413; x_wconf 91' lang='lat' dir='ltr'><strong>tes</strong></span> <span class='ocrx_word' id='word_1_416' title='bbox 233 3342 277 3407; x_wconf 90' lang='lat' dir='ltr'><strong>de</strong></span> <span class='ocrx_word' id='word_1_417' title='bbox 295 3336 372 3407; x_wconf 91' lang='lat' dir='ltr'><strong>Deo</strong></span> <span class='ocrx_word' id='word_1_418' title='bbox 394 3335 517 3427; x_wconf 82' lang='lat' dir='ltr'><strong>opifice</strong></span> <span class='ocrx_word' id='word_1_419' title='bbox 539 3331 828 3416; x_wconf 83' lang='lat' dir='ltr'><strong>commonefacit,</strong></span> <span class='ocrx_word' id='word_1_420' title='bbox 860 3353 901 3400; x_wconf 89' lang='lat' dir='ltr'><strong>ac</strong></span> <span class='ocrx_word' id='word_1_421' title='bbox 921 3329 1105 3421; x_wconf 88' lang='lat' dir='ltr'><strong>perspicue</strong></span> <span class='ocrx_word' id='word_1_422' title='bbox 1120 3325 1150 3423; x_wconf 83' lang='lat'><strong>⁴)</strong></span> <span class='ocrx_word' id='word_1_423' title='bbox 1198 3329 1694 3418; x_wconf 85' lang='lat' dir='ltr'><strong>studiosiuscomplectantur.</strong></span> <span class='ocrx_word' id='word_1_424' title='bbox 1744 3328 1830 3402; x_wconf 90' lang='lat' dir='ltr'><strong>Dat.</strong></span> <span class='ocrx_word' id='word_1_425' title='bbox 1846 3326 2095 3418; x_wconf 88' lang='lat' dir='ltr'><strong>Witebergae,</strong></span> <span class='ocrx_word' id='word_1_426' title='bbox 2119 3324 2189 3402; x_wconf 74' lang='lat' dir='ltr'><strong>Ca·</strong></span> 
     </span>
     <span class='ocr_line' id='line_1_33' title="bbox 84 3426 1548 3523; baseline -0.007 -8"><span class='ocrx_word' id='word_1_427' title='bbox 84 3436 87 3441; x_wconf 37' lang='lat'><em>¹</em></span> <span class='ocrx_word' id='word_1_428' title='bbox 157 3453 323 3523; x_wconf 88' lang='lat' dir='ltr'><strong>testatur,</strong></span> <span class='ocrx_word' id='word_1_429' title='bbox 349 3434 442 3506; x_wconf 91' lang='lat' dir='ltr'><strong>hanc</strong></span> <span class='ocrx_word' id='word_1_430' title='bbox 463 3449 626 3504; x_wconf 91' lang='lat' dir='ltr'><strong>naturam</strong></span> <span class='ocrx_word' id='word_1_431' title='bbox 644 3456 762 3501; x_wconf 89' lang='lat' dir='ltr'><strong>rerum</strong></span> <span class='ocrx_word' id='word_1_432' title='bbox 780 3455 854 3500; x_wconf 87' lang='lat' dir='ltr'><strong>non</strong></span> <span class='ocrx_word' id='word_1_433' title='bbox 869 3452 949 3500; x_wconf 88' lang='lat' dir='ltr'><strong>casu</strong></span> <span class='ocrx_word' id='word_1_434' title='bbox 968 3428 1150 3510; x_wconf 77' lang='lat' dir='ltr'><strong>exstitisse,</strong></span> <span class='ocrx_word' id='word_1_435' title='bbox 1198 3430 1313 3500; x_wconf 90' lang='lat' dir='ltr'><strong>lendis</strong></span> <span class='ocrx_word' id='word_1_436' title='bbox 1329 3428 1419 3498; x_wconf 83' lang='lat' dir='ltr'><strong>Maii</strong></span> <span class='ocrx_word' id='word_1_437' title='bbox 1439 3426 1548 3504; x_wconf 81' lang='lat'><strong>1546.</strong></span> 
     </span>
    </p>

    <p class='ocr_par' dir='ltr' id='par_1_9' title="bbox 63 3526 1151 3628">
     <span class='ocr_line' id='line_1_34' title="bbox 63 3526 1151 3628; baseline -0.016 -15"><span class='ocrx_word' id='word_1_438' title='bbox 63 3566 66 3571; x_wconf 87' lang='lat'><em>·</em></span> <span class='ocrx_word' id='word_1_439' title='bbox 158 3543 216 3612; x_wconf 89' lang='lat' dir='ltr'><strong>sed</strong></span> <span class='ocrx_word' id='word_1_440' title='bbox 236 3541 281 3609; x_wconf 92' lang='lat' dir='ltr'><strong>ab</strong></span> <span class='ocrx_word' id='word_1_441' title='bbox 297 3551 438 3607; x_wconf 89' lang='lat' dir='ltr'><strong>aeterna</strong></span> <span class='ocrx_word' id='word_1_442' title='bbox 455 3536 607 3628; x_wconf 90' lang='lat' dir='ltr'><strong>quadam</strong></span> <span class='ocrx_word' id='word_1_443' title='bbox 626 3546 743 3602; x_wconf 91' lang='lat' dir='ltr'><strong>mente</strong></span> <span class='ocrx_word' id='word_1_444' title='bbox 759 3526 1037 3603; x_wconf 87' lang='lat' dir='ltr'><strong>architectatrice</strong></span> <span class='ocrx_word' id='word_1_445' title='bbox 1053 3528 1151 3597; x_wconf 91' lang='lat' dir='ltr'><strong>ordi-</strong></span> 
     </span>
    </p>

    <p class='ocr_par' dir='ltr' id='par_1_10' title="bbox 159 3631 1662 3727">
     <span class='ocr_line' id='line_1_35' title="bbox 159 3631 1662 3727; baseline -0.014 -15"><span class='ocrx_word' id='word_1_446' title='bbox 159 3666 240 3712; x_wconf 90' lang='lat' dir='ltr'><strong>nem</strong></span> <span class='ocrx_word' id='word_1_447' title='bbox 258 3639 475 3727; x_wconf 89' lang='lat' dir='ltr'><strong>intelligente</strong></span> <span class='ocrx_word' id='word_1_448' title='bbox 492 3649 526 3704; x_wconf 88' lang='lat' dir='ltr'><strong>et</strong></span> <span class='ocrx_word' id='word_1_449' title='bbox 542 3647 663 3703; x_wconf 90' lang='lat' dir='ltr'><strong>tuente</strong></span> <span class='ocrx_word' id='word_1_450' title='bbox 679 3634 859 3702; x_wconf 89' lang='lat' dir='ltr'><strong>conditam</strong></span> <span class='ocrx_word' id='word_1_451' title='bbox 873 3645 909 3701; x_wconf 90' lang='lat' dir='ltr'><strong>et</strong></span> <span class='ocrx_word' id='word_1_452' title='bbox 925 3631 1150 3700; x_wconf 90' lang='lat' dir='ltr'><strong>distributam</strong></span> <span class='ocrx_word' id='word_1_453' title='bbox 1261 3703 1273 3716; x_wconf 28' lang='grc' dir='ltr'><strong>μ</strong></span> <span class='ocrx_word' id='word_1_454' title='bbox 1660 3699 1662 3702; x_wconf 17' lang='lat'><strong>⁴</strong></span> 
     </span>
    </p>

    <p class='ocr_par' dir='ltr' id='par_1_11' title="bbox 159 3729 2207 3923">
     <span class='ocr_line' id='line_1_36' title="bbox 160 3729 2149 3845; baseline -0.013 -32"><span class='ocrx_word' id='word_1_455' title='bbox 160 3729 245 3830; x_wconf 73' lang='lat' dir='ltr'><strong>esse.</strong></span> <span class='ocrx_word' id='word_1_456' title='bbox 302 3739 403 3828; x_wconf 87' lang='lat' dir='ltr'><strong>Quae</strong></span> <span class='ocrx_word' id='word_1_457' title='bbox 422 3735 597 3805; x_wconf 90' lang='lat' dir='ltr'><strong>sententia</strong></span> <span class='ocrx_word' id='word_1_458' title='bbox 617 3734 661 3802; x_wconf 91' lang='lat' dir='ltr'><strong>de</strong></span> <span class='ocrx_word' id='word_1_459' title='bbox 682 3732 759 3805; x_wconf 90' lang='lat' dir='ltr'><strong>Deo</strong></span> <span class='ocrx_word' id='word_1_460' title='bbox 780 3732 1012 3801; x_wconf 83' lang='lat' dir='ltr'><strong>maximarum</strong></span> <span class='ocrx_word' id='word_1_461' title='bbox 1034 3731 1151 3800; x_wconf 87' lang='lat' dir='ltr'><strong>virtu·</strong></span> <span class='ocrx_word' id='word_1_462' title='bbox 1196 3767 1251 3839; x_wconf 69' lang='lat' dir='ltr'><strong>No</strong></span> <span class='ocrx_word' id='word_1_463' title='bbox 1279 3762 1379 3836; x_wconf 71' lang='lat'>5455</span> <span class='ocrx_word' id='word_1_464' title='bbox 2031 3786 2045 3845; x_wconf 65' lang='lat'><strong>¹</strong></span> <span class='ocrx_word' id='word_1_465' title='bbox 2075 3773 2149 3838; x_wconf 81' lang='lat' dir='ltr'><strong>Mati</strong></span> 
     </span>
     <span class='ocr_line' id='line_1_37' title="bbox 159 3819 2178 3923; baseline -0.011 -7"><span class='ocrx_word' id='word_1_466' title='bbox 159 3858 235 3917; x_wconf 90' lang='lat' dir='ltr'><strong>tum</strong></span> <span class='ocrx_word' id='word_1_467' title='bbox 258 3856 311 3913; x_wconf 92' lang='lat' dir='ltr'><strong>est</strong></span> <span class='ocrx_word' id='word_1_468' title='bbox 331 3840 485 3910; x_wconf 84' lang='lat' dir='ltr'><strong>initium.</strong></span> <span class='ocrx_word' id='word_1_469' title='bbox 535 3833 628 3906; x_wconf 91' lang='lat' dir='ltr'><strong>Cum</strong></span> <span class='ocrx_word' id='word_1_470' title='bbox 644 3834 754 3923; x_wconf 89' lang='lat' dir='ltr'><strong>igitur</strong></span> <span class='ocrx_word' id='word_1_471' title='bbox 770 3834 808 3902; x_wconf 92' lang='lat' dir='ltr'><strong>in</strong></span> <span class='ocrx_word' id='word_1_472' title='bbox 823 3844 971 3902; x_wconf 88' lang='lat' dir='ltr'><strong>naturae</strong></span> <span class='ocrx_word' id='word_1_473' title='bbox 986 3831 1149 3902; x_wconf 88' lang='lat' dir='ltr'><strong>conside·</strong></span> <span class='ocrx_word' id='word_1_474' title='bbox 1205 3819 1393 3894; x_wconf 47' lang='grc' dir='ltr'><strong>,ἐπ”</strong></span> <span class='ocrx_word' id='word_1_475' title='bbox 2006 3864 2178 3895; x_wconf 52' lang='lat' dir='ltr'><em>m</em></span> 
     </span>
    </p>
   </div>
   <div class='ocr_carea' id='block_1_9' title="bbox 158 3934 1844 4062">
    <p class='ocr_par' dir='ltr' id='par_1_12' title="bbox 158 3934 1844 4062">
     <span class='ocr_line' id='line_1_38' title="bbox 158 3934 1844 4062; baseline -0.021 -45"><span class='ocrx_word' id='word_1_476' title='bbox 158 3945 296 4017; x_wconf 84' lang='lat' dir='ltr'><strong>ratione</strong></span> <span class='ocrx_word' id='word_1_477' title='bbox 317 3954 534 4022; x_wconf 90' lang='lat' dir='ltr'><strong>versaretur,</strong></span> <span class='ocrx_word' id='word_1_478' title='bbox 565 3935 930 4006; x_wconf 78' lang='lat' dir='ltr'><strong>audire&#39;medicorum</strong></span> <span class='ocrx_word' id='word_1_479' title='bbox 949 3934 1149 4005; x_wconf 87' lang='lat' dir='ltr'><strong>doctrinam</strong></span> <span class='ocrx_word' id='word_1_480' title='bbox 1547 3948 1612 4033; x_wconf 48' lang='lat'><strong>10·</strong></span> <span class='ocrx_word' id='word_1_481' title='bbox 1642 3941 1844 4062; x_wconf 45' lang='lat' dir='ltr'><strong>&amp;igal-0·</strong></span> 
     </span>
    </p>
   </div>
   <div class='ocr_carea' id='block_1_10' title="bbox 80 4036 2109 4234">
    <p class='ocr_par' dir='ltr' id='par_1_13' title="bbox 80 4036 2109 4234">
     <span class='ocr_line' id='line_1_39' title="bbox 80 4036 2109 4134; baseline -0.022 -14"><span class='ocrx_word' id='word_1_482' title='bbox 80 4084 84 4095; x_wconf 62' lang='lat'><strong><em>¹</em></strong></span> <span class='ocrx_word' id='word_1_483' title='bbox 159 4047 266 4118; x_wconf 88' lang='lat' dir='ltr'><strong>etiam</strong></span> <span class='ocrx_word' id='word_1_484' title='bbox 287 4043 420 4134; x_wconf 89' lang='lat' dir='ltr'><strong>coepit;</strong></span> <span class='ocrx_word' id='word_1_485' title='bbox 448 4053 482 4111; x_wconf 89' lang='lat' dir='ltr'><strong>et</strong></span> <span class='ocrx_word' id='word_1_486' title='bbox 505 4053 545 4111; x_wconf 92' lang='lat' dir='ltr'><strong>nt</strong></span> <span class='ocrx_word' id='word_1_487' title='bbox 560 4037 707 4130; x_wconf 91' lang='lat' dir='ltr'><strong>propius</strong></span> <span class='ocrx_word' id='word_1_488' title='bbox 722 4036 893 4127; x_wconf 86' lang='lat' dir='ltr'><strong>aspiceret</strong></span> <span class='ocrx_word' id='word_1_489' title='bbox 909 4057 1028 4105; x_wconf 88' lang='lat' dir='ltr'><strong>rerum</strong></span> <span class='ocrx_word' id='word_1_490' title='bbox 1045 4047 1149 4105; x_wconf 90' lang='lat' dir='ltr'><strong>natu·</strong></span> <span class='ocrx_word' id='word_1_491' title='bbox 1519 4109 1526 4124; x_wconf 29' lang='grc' dir='ltr'><strong><em>ο</em></strong></span> <span class='ocrx_word' id='word_1_492' title='bbox 2106 4058 2109 4063; x_wconf 80' lang='lat'><strong>.</strong></span> 
     </span>
     <span class='ocr_line' id='line_1_40' title="bbox 158 4108 2068 4234; baseline -0.019 -16"><span class='ocrx_word' id='word_1_493' title='bbox 158 4172 255 4232; x_wconf 89' lang='lat' dir='ltr'><strong>ram,</strong></span> <span class='ocrx_word' id='word_1_494' title='bbox 279 4159 318 4230; x_wconf 79' lang='lat' dir='ltr'><strong>et</strong></span> <span class='ocrx_word' id='word_1_495' title='bbox 337 4146 376 4214; x_wconf 92' lang='lat' dir='ltr'><strong>in</strong></span> <span class='ocrx_word' id='word_1_496' title='bbox 402 4167 441 4211; x_wconf 92' lang='lat' dir='ltr'><strong>ea</strong></span> <span class='ocrx_word' id='word_1_497' title='bbox 464 4149 649 4234; x_wconf 82' lang='lat' dir='ltr'><strong>quaereret</strong></span> <span class='ocrx_word' id='word_1_498' title='bbox 668 4137 786 4230; x_wconf 87' lang='lat' dir='ltr'><strong>aliqua</strong></span> <span class='ocrx_word' id='word_1_499' title='bbox 807 4136 979 4225; x_wconf 89' lang='lat' dir='ltr'><strong>regendae</strong></span> <span class='ocrx_word' id='word_1_500' title='bbox 995 4148 1030 4206; x_wconf 89' lang='lat' dir='ltr'><strong>et</strong></span> <span class='ocrx_word' id='word_1_501' title='bbox 1045 4148 1150 4205; x_wconf 90' lang='lat' dir='ltr'><strong>tuen·</strong></span> <span class='ocrx_word' id='word_1_502' title='bbox 1264 4114 1354 4168; x_wconf 76' lang='lat'><strong>⁰¹⁰²·</strong></span> <span class='ocrx_word' id='word_1_503' title='bbox 1368 4128 1429 4182; x_wconf 69' lang='lat' dir='ltr'><strong>‘Pl‘</strong></span> <span class='ocrx_word' id='word_1_504' title='bbox 1441 4108 1475 4164; x_wconf 53' lang='grc' dir='ltr'><strong>’ἃ</strong></span> <span class='ocrx_word' id='word_1_505' title='bbox 1487 4108 1581 4183; x_wconf 75' lang='lat'><strong>⁸¹¹⁸‘¹·</strong></span> <span class='ocrx_word' id='word_1_506' title='bbox 1597 4128 1640 4182; x_wconf 64' lang='grc' dir='ltr'><strong>ο1)·</strong></span> <span class='ocrx_word' id='word_1_507' title='bbox 1654 4108 1701 4167; x_wconf 73' lang='lat'><strong>²³·</strong></span> <span class='ocrx_word' id='word_1_508' title='bbox 1718 4109 1787 4168; x_wconf 72' lang='lat'><strong>⁰⁰¹¹·</strong></span> <span class='ocrx_word' id='word_1_509' title='bbox 1799 4110 1883 4187; x_wconf 62' lang='lat'><strong>⁶⁰⁰¹·</strong></span> <span class='ocrx_word' id='word_1_510' title='bbox 1897 4111 1957 4185; x_wconf 55' lang='lat'><strong>¹3⁸·</strong></span> <span class='ocrx_word' id='word_1_511' title='bbox 1969 4129 2011 4185; x_wconf 64' lang='grc' dir='ltr'><strong>ψ·</strong></span> <span class='ocrx_word' id='word_1_512' title='bbox 2023 4111 2068 4165; x_wconf 82' lang='lat'><strong>84.</strong></span> 
     </span>
    </p>
   </div>
   <div class='ocr_carea' id='block_1_11' title="bbox 156 4231 2188 4470">
    <p class='ocr_par' dir='ltr' id='par_1_14' title="bbox 156 4231 2188 4470">
     <span class='ocr_line' id='line_1_41' title="bbox 159 4231 2188 4366; baseline 0.004 -35"><span class='ocrx_word' id='word_1_513' title='bbox 159 4250 226 4318; x_wconf 65' lang='lat' dir='ltr'><strong>dae</strong></span> <span class='ocrx_word' id='word_1_514' title='bbox 250 4243 463 4366; x_wconf 55' lang='lat' dir='ltr'><strong>yssleffldlssls</strong></span> <span class='ocrx_word' id='word_1_515' title='bbox 485 4238 675 4358; x_wconf 57' lang='lat' dir='ltr'><strong>Plaeffldlffl</strong></span> <span class='ocrx_word' id='word_1_516' title='bbox 711 4237 795 4330; x_wconf 61' lang='lat'>(1⁰3³</span> <span class='ocrx_word' id='word_1_517' title='bbox 815 4242 904 4353; x_wconf 63' lang='lat' dir='ltr'><strong>vem,</strong></span> <span class='ocrx_word' id='word_1_518' title='bbox 918 4237 1009 4354; x_wconf 76' lang='lat' dir='ltr'><strong>vidit</strong></span> <span class='ocrx_word' id='word_1_519' title='bbox 1020 4232 1149 4354; x_wconf 60' lang='lat' dir='ltr'><strong>,Phil-⁰·</strong></span> <span class='ocrx_word' id='word_1_520' title='bbox 1196 4231 1421 4342; x_wconf 56' lang='lat' dir='ltr'><strong>(florr&#39;ssimo</strong></span> <span class='ocrx_word' id='word_1_521' title='bbox 1437 4267 1533 4353; x_wconf 79' lang='lat' dir='ltr'><strong>viro,</strong></span> <span class='ocrx_word' id='word_1_522' title='bbox 1560 4264 1762 4341; x_wconf 79' lang='lat' dir='ltr'><strong>eruditione</strong></span> <span class='ocrx_word' id='word_1_523' title='bbox 1778 4277 1810 4339; x_wconf 81' lang='lat' dir='ltr'><strong>et</strong></span> <span class='ocrx_word' id='word_1_524' title='bbox 1826 4265 1955 4337; x_wconf 76' lang='lat' dir='ltr'><strong>virtute</strong></span> <span class='ocrx_word' id='word_1_525' title='bbox 1966 4268 2188 4363; x_wconf 71' lang='lat' dir='ltr'><strong>praestanti,</strong></span> 
     </span>
     <span class='ocr_line' id='line_1_42' title="bbox 156 4337 2184 4470; baseline 0 -51"><span class='ocrx_word' id='word_1_526' title='bbox 156 4345 303 4442; x_wconf 74' lang='lat' dir='ltr'><strong>sophiae</strong></span> <span class='ocrx_word' id='word_1_527' title='bbox 328 4361 464 4417; x_wconf 80' lang='lat' dir='ltr'><strong>rtartrs</strong></span> <span class='ocrx_word' id='word_1_528' title='bbox 488 4344 642 4411; x_wconf 72' lang='lat' dir='ltr'><strong>medicae</strong></span> <span class='ocrx_word' id='word_1_529' title='bbox 663 4337 1148 4426; x_wconf 86' lang='lat' dir='ltr'><strong>fontesgraecrslrtenscon-</strong></span> <span class='ocrx_word' id='word_1_530' title='bbox 1195 4370 1250 4443; x_wconf 47' lang='lat' dir='ltr'><strong>D·</strong></span> <span class='ocrx_word' id='word_1_531' title='bbox 1276 4370 1458 4442; x_wconf 65' lang='lat' dir='ltr'><strong>poam„-</strong></span> <span class='ocrx_word' id='word_1_532' title='bbox 1490 4367 1718 4465; x_wconf 50' lang='grc' dir='ltr'><em>θυμω,</em></span> <span class='ocrx_word' id='word_1_533' title='bbox 1759 4394 1785 4439; x_wconf 63' lang='lat' dir='ltr'><em>a</em></span> <span class='ocrx_word' id='word_1_534' title='bbox 1806 4365 1935 4439; x_wconf 57' lang='lat' dir='ltr'><em>Musis</em></span> <span class='ocrx_word' id='word_1_535' title='bbox 1957 4376 1988 4438; x_wconf 54' lang='grc' dir='ltr'><strong>ιι</strong></span> <span class='ocrx_word' id='word_1_536' title='bbox 2013 4367 2063 4440; x_wconf 64' lang='lat' dir='ltr'><strong>ab</strong></span> <span class='ocrx_word' id='word_1_537' title='bbox 2087 4367 2184 4470; x_wconf 47' lang='lat' dir='ltr'><strong>Imp,</strong></span> 
     </span>
    </p>
   </div>
   <div class='ocr_carea' id='block_1_12' title="bbox 155 4435 2187 4648">
    <p class='ocr_par' dir='ltr' id='par_1_15' title="bbox 155 4435 2187 4648">
     <span class='ocr_line' id='line_1_43' title="bbox 155 4435 2187 4569; baseline 0.006 -36"><span class='ocrx_word' id='word_1_538' title='bbox 155 4451 282 4534; x_wconf 63' lang='lat' dir='ltr'><strong>lineri,</strong></span> <span class='ocrx_word' id='word_1_539' title='bbox 323 4445 452 4517; x_wconf 68' lang='lat' dir='ltr'><strong>h0f¹¹¹¹¹</strong></span> <span class='ocrx_word' id='word_1_540' title='bbox 482 4445 588 4513; x_wconf 88' lang='lat' dir='ltr'><strong>etiam</strong></span> <span class='ocrx_word' id='word_1_541' title='bbox 610 4435 640 4534; x_wconf 63' lang='grc' dir='ltr'><strong>β)</strong></span> <span class='ocrx_word' id='word_1_542' title='bbox 670 4439 873 4556; x_wconf 59' lang='grc' dir='ltr'>ωὲῃίῑίοῃῗ</span> <span class='ocrx_word' id='word_1_543' title='bbox 902 4438 1079 4527; x_wconf 62' lang='lat' dir='ltr'><strong>Pm‘lm</strong></span> <span class='ocrx_word' id='word_1_544' title='bbox 1111 4461 1148 4507; x_wconf 71' lang='lat'><strong>⁸⁰</strong></span> <span class='ocrx_word' id='word_1_545' title='bbox 1195 4464 1337 4546; x_wconf 86' lang='lat' dir='ltr'><strong>Carolo</strong></span> <span class='ocrx_word' id='word_1_546' title='bbox 1357 4475 1393 4551; x_wconf 85' lang='lat'><strong>5.</strong></span> <span class='ocrx_word' id='word_1_547' title='bbox 1414 4469 1601 4569; x_wconf 83' lang='lat' dir='ltr'><strong>Augusto,</strong></span> <span class='ocrx_word' id='word_1_548' title='bbox 1634 4467 1790 4542; x_wconf 81' lang='lat' dir='ltr'><strong>Laurea</strong></span> <span class='ocrx_word' id='word_1_549' title='bbox 1818 4458 2007 4542; x_wconf 85' lang='lat' dir='ltr'><strong>Coronoto</strong></span> <span class='ocrx_word' id='word_1_550' title='bbox 2065 4473 2187 4546; x_wconf 82' lang='lat' dir='ltr'><strong>amico</strong></span> 
     </span>
     <span class='ocr_line' id='line_1_44' title="bbox 155 4526 2025 4648; baseline 0 -25"><span class='ocrx_word' id='word_1_551' title='bbox 155 4552 334 4623; x_wconf 85' lang='lat' dir='ltr'><strong>iustruxit.</strong></span> <span class='ocrx_word' id='word_1_552' title='bbox 392 4546 553 4639; x_wconf 86' lang='lat' dir='ltr'><strong>Cumque</strong></span> <span class='ocrx_word' id='word_1_553' title='bbox 585 4556 619 4613; x_wconf 90' lang='lat' dir='ltr'><strong>et</strong></span> <span class='ocrx_word' id='word_1_554' title='bbox 641 4541 832 4610; x_wconf 89' lang='lat' dir='ltr'><strong>domestica</strong></span> <span class='ocrx_word' id='word_1_555' title='bbox 856 4538 1078 4625; x_wconf 84' lang='lat' dir='ltr'><strong>rustitutione</strong></span> <span class='ocrx_word' id='word_1_556' title='bbox 1103 4538 1147 4608; x_wconf 92' lang='lat' dir='ltr'><strong>ab</strong></span> <span class='ocrx_word' id='word_1_557' title='bbox 1502 4598 1570 4645; x_wconf 63' lang='lat' dir='ltr'><strong>suo</strong></span> <span class='ocrx_word' id='word_1_558' title='bbox 1591 4570 1718 4648; x_wconf 45' lang='lat'><strong>037555·</strong></span> <span class='ocrx_word' id='word_1_559' title='bbox 1755 4567 1796 4646; x_wconf 48' lang='lat' dir='ltr'><strong>S,</strong></span> <span class='ocrx_word' id='word_1_560' title='bbox 1811 4565 1868 4647; x_wconf 51' lang='lat'><strong>1),</strong></span> <span class='ocrx_word' id='word_1_561' title='bbox 2014 4526 2025 4560; x_wconf 65' lang='lat'>²</span> 
     </span>
    </p>
   </div>
   <div class='ocr_carea' id='block_1_13' title="bbox 155 4633 1148 4739">
    <p class='ocr_par' dir='ltr' id='par_1_16' title="bbox 155 4633 1148 4739">
     <span class='ocr_line' id='line_1_45' title="bbox 155 4633 1148 4739; baseline -0.012 -17"><span class='ocrx_word' id='word_1_562' title='bbox 155 4647 414 4724; x_wconf 90' lang='lat' dir='ltr'><strong>honestissimis</strong></span> <span class='ocrx_word' id='word_1_563' title='bbox 440 4646 646 4739; x_wconf 86' lang='lat' dir='ltr'><strong>parentibus</strong></span> <span class='ocrx_word' id='word_1_564' title='bbox 669 4644 714 4713; x_wconf 90' lang='lat' dir='ltr'><strong>ad</strong></span> <span class='ocrx_word' id='word_1_565' title='bbox 736 4641 953 4732; x_wconf 88' lang='lat' dir='ltr'><strong>agnitionem</strong></span> <span class='ocrx_word' id='word_1_566' title='bbox 968 4633 1000 4733; x_wconf 72' lang='lat'><strong>‘)</strong></span> <span class='ocrx_word' id='word_1_567' title='bbox 1025 4634 1093 4709; x_wconf 90' lang='lat' dir='ltr'><strong>Dei</strong></span> <span class='ocrx_word' id='word_1_568' title='bbox 1113 4653 1148 4710; x_wconf 91' lang='lat' dir='ltr'><strong>et</strong></span> 
     </span>
    </p>
   </div>
   <div class='ocr_carea' id='block_1_14' title="bbox 153 4709 2190 5086">
    <p class='ocr_par' dir='ltr' id='par_1_17' title="bbox 153 4709 2190 5086">
     <span class='ocr_line' id='line_1_46' title="bbox 153 4709 2041 4826; baseline -0.014 -1"><span class='ocrx_word' id='word_1_569' title='bbox 153 4757 201 4825; x_wconf 90' lang='lat' dir='ltr'><strong>ad</strong></span> <span class='ocrx_word' id='word_1_570' title='bbox 223 4754 384 4826; x_wconf 89' lang='lat' dir='ltr'><strong>omnium</strong></span> <span class='ocrx_word' id='word_1_571' title='bbox 407 4751 579 4821; x_wconf 87' lang='lat' dir='ltr'><strong>virtutum</strong></span> <span class='ocrx_word' id='word_1_572' title='bbox 605 4746 718 4818; x_wconf 86' lang='lat' dir='ltr'><strong>officia</strong></span> <span class='ocrx_word' id='word_1_573' title='bbox 735 4743 956 4816; x_wconf 80' lang='lat' dir='ltr'><strong>adsuefactus</strong></span> <span class='ocrx_word' id='word_1_574' title='bbox 975 4751 1088 4826; x_wconf 87' lang='lat' dir='ltr'><strong>esset,</strong></span> <span class='ocrx_word' id='word_1_575' title='bbox 1113 4755 1149 4813; x_wconf 90' lang='lat' dir='ltr'><strong>et</strong></span> <span class='ocrx_word' id='word_1_576' title='bbox 1197 4709 1414 4799; x_wconf 72' lang='lat' dir='ltr'><strong>Gralulalur</strong></span> <span class='ocrx_word' id='word_1_577' title='bbox 1428 4719 1567 4794; x_wconf 75' lang='lat' dir='ltr'><strong>Aeneas</strong></span> <span class='ocrx_word' id='word_1_578' title='bbox 1583 4724 1676 4812; x_wconf 81' lang='lat' dir='ltr'><strong>apud</strong></span> <span class='ocrx_word' id='word_1_579' title='bbox 1695 4719 1886 4817; x_wconf 87' lang='lat' dir='ltr'><strong>Virgilium</strong></span> <span class='ocrx_word' id='word_1_580' title='bbox 1900 4718 2041 4799; x_wconf 74' lang='lat' dir='ltr'><strong>Heleno</strong></span> 
     </span>
     <span class='ocr_line' id='line_1_47' title="bbox 155 4817 2190 4970; baseline -0.002 -80"><span class='ocrx_word' id='word_1_581' title='bbox 155 4911 377 4930; x_wconf 48' lang='grc' dir='ltr'><strong>Μ-</strong></span> <span class='ocrx_word' id='word_1_582' title='bbox 1222 4834 1228 4864; x_wconf 87' lang='lat'>¹</span> <span class='ocrx_word' id='word_1_583' title='bbox 1298 4855 1343 4872; x_wconf 91' lang='lat'><em>-</em></span> <span class='ocrx_word' id='word_1_584' title='bbox 1363 4856 1407 4869; x_wconf 93' lang='lat'><em>-</em></span> <span class='ocrx_word' id='word_1_585' title='bbox 1426 4855 1470 4869; x_wconf 95' lang='lat'>—</span> <span class='ocrx_word' id='word_1_586' title='bbox 1493 4817 1667 4902; x_wconf 77' lang='lat' dir='ltr'><strong>Effigiem</strong></span> <span class='ocrx_word' id='word_1_587' title='bbox 1681 4818 1819 4970; x_wconf 54' lang='lat' dir='ltr'><strong>{anthi</strong></span> <span class='ocrx_word' id='word_1_588' title='bbox 1830 4821 2043 4904; x_wconf 65' lang='lat' dir='ltr'><strong>mutilataque</strong></span> <span class='ocrx_word' id='word_1_589' title='bbox 2056 4827 2190 4936; x_wconf 70' lang='lat' dir='ltr'><strong>mugnis</strong></span> 
     </span>
     <span class='ocr_line' id='line_1_48' title="bbox 190 4926 2189 5086; baseline -0.003 -18"><span class='ocrx_word' id='word_1_590' title='bbox 190 5000 218 5068; x_wconf 87' lang='lat'><strong>¹)</strong></span> <span class='ocrx_word' id='word_1_591' title='bbox 236 4997 305 5054; x_wconf 72' lang='lat' dir='ltr'><strong>c⁰1¹·</strong></span> <span class='ocrx_word' id='word_1_592' title='bbox 317 4994 416 5051; x_wconf 66' lang='lat' dir='ltr'><strong>Elea:</strong></span> <span class='ocrx_word' id='word_1_593' title='bbox 439 5009 546 5062; x_wconf 62' lang='grc' dir='ltr'><strong>*ΝΜ</strong></span> <span class='ocrx_word' id='word_1_594' title='bbox 558 5007 632 5043; x_wconf 79' lang='lat' dir='ltr'><strong>eum.</strong></span> <span class='ocrx_word' id='word_1_595' title='bbox 657 5014 662 5021; x_wconf 75' lang='grc'><em>’</em></span> <span class='ocrx_word' id='word_1_596' title='bbox 785 5031 788 5034; x_wconf 90' lang='lat'><strong>·</strong></span> <span class='ocrx_word' id='word_1_597' title='bbox 1195 4991 1315 5064; x_wconf 89' lang='lat' dir='ltr'><strong>Multo</strong></span> <span class='ocrx_word' id='word_1_598' title='bbox 1343 4993 1455 5082; x_wconf 84' lang='lat' dir='ltr'><strong>magis</strong></span> <span class='ocrx_word' id='word_1_599' title='bbox 1487 4995 1591 5064; x_wconf 91' lang='lat' dir='ltr'><strong>nobis</strong></span> <span class='ocrx_word' id='word_1_600' title='bbox 1621 4926 1976 5086; x_wconf 58' lang='lat' dir='ltr'><strong>imagfhihmfr&#39;nperti</strong></span> <span class='ocrx_word' id='word_1_601' title='bbox 1997 4993 2037 5062; x_wconf 91' lang='lat' dir='ltr'><strong>in</strong></span> <span class='ocrx_word' id='word_1_602' title='bbox 2058 4995 2189 5065; x_wconf 85' lang='lat' dir='ltr'><strong>nostris</strong></span> 
     </span>
    </p>
   </div>
   <div class='ocr_carea' id='block_1_15' title="bbox 187 5077 2189 5239">
    <p class='ocr_par' dir='ltr' id='par_1_18' title="bbox 187 5077 2189 5239">
     <span class='ocr_line' id='line_1_49' title="bbox 187 5077 2189 5239; baseline -0.021 -11"><span class='ocrx_word' id='word_1_603' title='bbox 187 5079 219 5239; x_wconf 60' lang='lat'><strong>:3</strong></span> <span class='ocrx_word' id='word_1_604' title='bbox 234 5077 651 5234; x_wconf 51' lang='lat' dir='ltr'><strong>ihdiriftddd.cgldlhElictepm</strong></span> <span class='ocrx_word' id='word_1_605' title='bbox 659 5159 756 5231; x_wconf 73' lang='lat' dir='ltr'><strong>servet,</strong></span> <span class='ocrx_word' id='word_1_606' title='bbox 773 5164 804 5212; x_wconf 89' lang='lat' dir='ltr'><strong>ut</strong></span> <span class='ocrx_word' id='word_1_607' title='bbox 819 5155 904 5212; x_wconf 80' lang='lat' dir='ltr'><strong>edidit</strong></span> <span class='ocrx_word' id='word_1_608' title='bbox 917 5153 1012 5215; x_wconf 88' lang='lat' dir='ltr'><strong>Strob.</strong></span> <span class='ocrx_word' id='word_1_609' title='bbox 1194 5095 1348 5187; x_wconf 59' lang='lat' dir='ltr'><strong>politii3’</strong></span> <span class='ocrx_word' id='word_1_610' title='bbox 1378 5116 1468 5187; x_wconf 62' lang='lat' dir='ltr'>quae</span> <span class='ocrx_word' id='word_1_611' title='bbox 1498 5110 1582 5167; x_wconf 62' lang='lat' dir='ltr'><strong>mut</strong></span> <span class='ocrx_word' id='word_1_612' title='bbox 1610 5120 1691 5189; x_wconf 65' lang='lat' dir='ltr'><strong>pm</strong></span> <span class='ocrx_word' id='word_1_613' title='bbox 1716 5094 1894 5168; x_wconf 52' lang='lat' dir='ltr'>Ecdeme</span> <span class='ocrx_word' id='word_1_614' title='bbox 1915 5091 2002 5176; x_wconf 48' lang='lat' dir='ltr'><strong>&#39;Dei’</strong></span> <span class='ocrx_word' id='word_1_615' title='bbox 2034 5095 2189 5186; x_wconf 60' lang='lat' dir='ltr'><strong>gratule·</strong></span> 
     </span>
    </p>
   </div>
   <div class='ocr_carea' id='block_1_16' title="bbox 186 5240 1586 5412">
    <p class='ocr_par' dir='ltr' id='par_1_19' title="bbox 186 5240 1586 5412">
     <span class='ocr_line' id='line_1_50' title="bbox 186 5240 936 5326; baseline -0.02 -16"><span class='ocrx_word' id='word_1_616' title='bbox 186 5255 215 5326; x_wconf 79' lang='grc'><strong>4)</strong></span> <span class='ocrx_word' id='word_1_617' title='bbox 231 5255 279 5313; x_wconf 82' lang='lat' dir='ltr'><strong>sie</strong></span> <span class='ocrx_word' id='word_1_618' title='bbox 294 5254 356 5310; x_wconf 84' lang='lat' dir='ltr'><strong>cod.</strong></span> <span class='ocrx_word' id='word_1_619' title='bbox 367 5253 451 5309; x_wconf 90' lang='lat' dir='ltr'><strong>Goth.</strong></span> <span class='ocrx_word' id='word_1_620' title='bbox 464 5270 514 5324; x_wconf 90' lang='lat' dir='ltr'><strong>pro</strong></span> <span class='ocrx_word' id='word_1_621' title='bbox 524 5248 689 5316; x_wconf 65' lang='lat' dir='ltr'><strong>praeorbus,</strong></span> <span class='ocrx_word' id='word_1_622' title='bbox 713 5252 745 5299; x_wconf 85' lang='lat' dir='ltr'><strong>ut</strong></span> <span class='ocrx_word' id='word_1_623' title='bbox 757 5240 831 5298; x_wconf 81' lang='lat' dir='ltr'><strong>edid.</strong></span> <span class='ocrx_word' id='word_1_624' title='bbox 844 5241 936 5297; x_wconf 86' lang='lat' dir='ltr'><strong>Strob.</strong></span> 
     </span>
     <span class='ocr_line' id='line_1_51' title="bbox 187 5309 1586 5412; baseline -0.013 -18"><span class='ocrx_word' id='word_1_625' title='bbox 187 5339 215 5412; x_wconf 83' lang='lat' dir='ltr'><strong>s)</strong></span> <span class='ocrx_word' id='word_1_626' title='bbox 234 5340 290 5396; x_wconf 64' lang='lat'><strong>1²10</strong></span> <span class='ocrx_word' id='word_1_627' title='bbox 302 5343 405 5394; x_wconf 59' lang='lat' dir='ltr'><strong>aaron</strong></span> <span class='ocrx_word' id='word_1_628' title='bbox 417 5341 518 5410; x_wconf 68' lang='lat' dir='ltr'><strong>emm,</strong></span> <span class='ocrx_word' id='word_1_629' title='bbox 539 5329 738 5390; x_wconf 70' lang='lat' dir='ltr'><strong>aetnaeos.</strong></span> <span class='ocrx_word' id='word_1_630' title='bbox 754 5326 854 5391; x_wconf 75' lang='lat' dir='ltr'><strong>esu..</strong></span> <span class='ocrx_word' id='word_1_631' title='bbox 873 5325 993 5389; x_wconf 72' lang='lat' dir='ltr'><strong>suaset.</strong></span> <span class='ocrx_word' id='word_1_632' title='bbox 1005 5341 1115 5383; x_wconf 72' lang='lat' dir='ltr'><strong>mum.</strong></span> <span class='ocrx_word' id='word_1_633' title='bbox 1229 5311 1262 5376; x_wconf 76' lang='grc'><strong>7)</strong></span> <span class='ocrx_word' id='word_1_634' title='bbox 1279 5309 1372 5367; x_wconf 73' lang='lat' dir='ltr'><strong>soot.</strong></span> <span class='ocrx_word' id='word_1_635' title='bbox 1384 5321 1586 5379; x_wconf 60' lang='lat' dir='ltr'><strong>ummo.</strong></span> 
     </span>
    </p>
   </div>
   <div class='ocr_carea' id='block_1_17' title="bbox 187 5396 1515 5501">
    <p class='ocr_par' dir='ltr' id='par_1_20' title="bbox 187 5396 1515 5501">
     <span class='ocr_line' id='line_1_52' title="bbox 187 5396 1515 5501; baseline -0.021 -17"><span class='ocrx_word' id='word_1_636' title='bbox 187 5428 216 5497; x_wconf 75' lang='lat' dir='ltr'><strong>fi&gt;</strong></span> <span class='ocrx_word' id='word_1_637' title='bbox 233 5427 324 5484; x_wconf 82' lang='lat' dir='ltr'><strong>Strob.</strong></span> <span class='ocrx_word' id='word_1_638' title='bbox 339 5427 534 5495; x_wconf 75' lang='lat' dir='ltr'><strong>cognitionem.</strong></span> <span class='ocrx_word' id='word_1_639' title='bbox 1212 5399 1259 5501; x_wconf 57' lang='lat' dir='ltr'><strong>d)</strong></span> <span class='ocrx_word' id='word_1_640' title='bbox 1276 5396 1369 5456; x_wconf 85' lang='lat' dir='ltr'><strong>Strob.</strong></span> <span class='ocrx_word' id='word_1_641' title='bbox 1378 5396 1515 5466; x_wconf 81' lang='lat' dir='ltr'><strong>fideliter·</strong></span> 
     </span>
    </p>
   </div>
   <div class='ocr_carea' id='block_1_18' title="bbox 0 0 2378 6022">
    <p class='ocr_par' dir='ltr' id='par_1_21' title="bbox 0 0 2378 6022">
     <span class='ocr_line' id='line_1_53' title="bbox 0 0 2378 6022; baseline 0 1"><span class='ocrx_word' id='word_1_642' title='bbox 0 0 2378 6022; x_wconf 95' lang='lat' dir='ltr'><strong> </strong></span> 
     </span>
    </p>
   </div>
  </div>
 </body>
</html>
