4748 6022
163 268 240 343 ort
744 252 1183 339 EPISTOLARUM
1239 252 1348 331 ΗΒ.
1380 251 1430 330 X.
1482 246 1616 330 1647.
1863 274 1867 281 ·
2129 262 2206 339 670

166 430 393 513 Clarissimo
414 435 507 519 viro,
534 433 664 508 virtute
684 442 717 506 et
736 429 939 505 eruditione
953 426 1163 528 praestanti
1319 424 1426 497 Hunc
1446 417 1703 510 Ioacdimum,
1736 450 1842 520 quern
1864 428 1987 503 vidisti
2007 455 2145 502 meeum
2160 434 2205 502 *in

166 539 221 615 D.
250 536 521 632 Augustino
546 531 825 633 Sedurssr'a,
865 529 960 602 artis
987 525 1161 600 Medione
1214 526 1305 599 urbe
1317 525 1547 616 vangionum
1570 523 1856 618 etRatisponae,
1879 529 2093 623 scisoptimo
2109 533 2206 623 inge-

239 637 401 711 Doctori
412 649 472 714 etc.
489 637 609 709 amieo
625 645 658 707 et
669 645 830 734 patrono
850 656 919 704 suo
940 626 1089 702 colendo
1214 629 1276 698 nio
1291 629 1489 721 praeditum
1505 649 1596 706 esse,
1622 640 1657 697 et
1669 629 1846 719 praeclare
1858 629 2069 701 instructum
2085 636 2206 704 erudi-

1213 731 1324 808 tione,
1348 740 1381 797 et
1395 740 1597 798 reverenter
1609 727 1723 798 colere
1736 724 1807 821 τὴν
1817 752 1858 800 τε
1871 723 2054 822 ἀλήθειαν
2064 729 2128 804 καὶ
2141 738 2206 826 τῆς

165 802 210 890 S.
236 815 283 893 D.
339 813 543 886 Clarissime
566 814 623 883 vir
645 826 680 883 et
696 806 812 883 ¹amice
835 804 1058 895 charissime,
1083 804 1161 878 Etsi
1214 823 1393 924 ἀληθείας
1424 821 1683 907 διδασκάλους,
1741 827 1863 918 Qum
1888 842 1922 899 ts
1945 855 2029 913 οη,
2062 847 2102 903 us
2123 857 2205 904 eum

166 933 326 1011 tempora
347 912 434 986 haec
454 914 660 986 turbulenta
677 937 742 1006 per
757 934 831 983 sese
843 910 1046 1000 impediunt
1059 903 1162 980 sebo·
1214 929 1472 1022 complectaris,

165 1024 281 1093 larum
297 1015 603 1089 constitutionem:
629 1028 748 1086 tamen
765 1013 796 1082 si
814 1011 949 1083 aulicae
963 1012 1162 1083 voluntates
1263 1024 1270 1037 '
1314 1029 1398 1100 Mes
1415 1052 1517 1100 mens
1532 1042 1567 1099 ss
1580 1050 1648 1097 vox
1662 1028 1702 1096 in
1719 1021 1876 1097 Ecclesia
1893 1029 2014 1099 sidem
2029 1036 2113 1117 sris,
2140 1057 2204 1103 nes

167 1120 351 1214 attentiori!8
388 1128 519 1201 “stilis
557 1115 747 1207 Pffloedffl
778 1112 988 1183 imum&
1020 1107 1161 1183 ⁸⁸h0¹⁸²
1212 1155 1269 1200 me
1284 1132 1466 1221 seiungam
1482 1153 1502 1199 a
1517 1145 1551 1200 te
1562 1142 1598 1199 et
1611 1126 1787 1197 similibus
1800 1127 1870 1218 piis
1885 1129 2100 1217 doctoribus,
2124 1134 2206 1203 ubi-

167 1235 294 1313 posset.
328 1217 402 1286 lam
418 1238 498 1287 cum
511 1210 597 1285 haec
612 1213 813 1298 scriberem,
835 1211 1059 1303 hienimum
1074 1213 1161 1283 ³⁶⁰·
1213 1255 1352 1325 cunque
1374 1254 1446 1304 ero.
1495 1229 1666 1300 Nondum
1690 1228 1785 1297 enim
1800 1244 1930 1301 certam
1945 1232 2063 1301 sedem
2079 1229 2205 1309 babeo.

166 1322 355 1391 lescentem
369 1306 989 1410 Augustanumremitth'PSt'ssms
1014 1308 1162 1407 ‘1¹¹ihuc
1210 1329 1260 1404 Et
1280 1355 1382 1424 spero
1406 1335 1483 1402 fore
1505 1343 1545 1401 ut
1570 1329 1764 1423 aliquando
1787 1329 2044 1425 colloquamur.
2107 1330 2204 1405 Bene

165 1422 293 1491 missus
316 1431 378 1507 est.
427 1414 477 1487 Et
496 1416 584 1487 tales
605 1416 709 1488 multi
732 1410 793 1485 bic
813 1414 977 1501 luerunt,
1002 1410 1162 1484 audituri
1211 1433 1290 1506 ,ale
1304 1448 1339 1505 es
1355 1426 1504 1503 s'sssihs.
1538 1426 1574 1501 6.
1587 1428 1673 1501 Idus
1688 1428 1925 1520 Septembres.
1960 1430 2204 1524 Witebergae.

165 1545 257 1615 quae
273 1540 350 1611 spes
365 1516 410 1587 sit
425 1517 470 1587 de
484 1510 689 1592 Academia.
734 1515 805 1588 Sed
819 1516 924 1586 video
937 1514 978 1584 in
993 1516 1074 1586 aula
1090 1512 1161 1583 dis·
1726 1525 1916 1625 Phiiippus
1929 1530 2154 1608 Melanthius,

163 1623 251 1692 ferri
265 1615 331 1691 has
346 1616 630 1707 deliberationes,
654 1615 811 1690 fortassis
826 1631 867 1688 ut
882 1640 981 1709 mora
996 1639 1062 1686 nos
1079 1628 1160 1685 ten·

165 1724 246 1794 dem
268 1731 367 1810 cogat
389 1718 580 1794 discedere.
628 1714 707 1810 Ego
730 1733 847 1791 tamen
862 1718 1025 1789 nondum
1041 1716 1160 1803 abibo,

165 1824 226 1893 sed
241 1818 429 1910 expectabo
441 1818 622 1891 nundinas
634 1812 823 1916 Lipsicas.
873 1817 964 1890 Nam
979 1841 1038 1887 me
1052 1816 1157 1889 etiam

162 1922 325 1993 officinae
358 1914 656 2017 typographorum
691 1921 858 1994 retinent.
922 1916 1014 1989 Cum
1041 1930 1157 1989 autem
1209 1890 1408 2020 Q·
2013 1894 2204 2016 (Q

163 2021 360 2104 discedam,
391 2023 457 2091 iter
476 2021 521 2091 ad
545 2045 608 2091 vos
622 2018 760 2094 faciam.
810 2018 901 2091 Nam
919 2032 980 2089 aut
995 2012 1158 2088 Stenda-

167 2120 261 2192 liam
284 2137 376 2193 recta
398 2122 478 2208 ibo,
508 2136 569 2191 aut
592 2122 638 2190 ad
653 2116 873 2214 Mersburg,
906 2122 1003 2191 unde
1022 2119 1090 2189 iter
1107 2131 1159 2190 est
1595 2074 1644 2159 P·
1676 2073 1824 2159 Ehem·
2058 2181 2061 2187 .

165 2225 391 2294 commodiss.
410 2224 456 2293 ad
479 2214 706 2296 Northusea.
764 2222 865 2292 Deus
895 2233 1010 2290 servet
1037 2242 1101 2290 vos
1123 2233 1157 2292 et
1278 2226 1365 2300 Epist.
1383 2229 1431 2285 lits.
1444 2230 1480 2287 tt.
1497 2248 1524 2303 p.
1540 2228 1600 2286 tte.
1619 2230 1695 2300 (edit.
1710 2229 1799 2289 Laod
1816 2226 1862 2283 tib.
1875 2226 1911 2281 tt.
1928 2244 1973 2299 ep.
1987 2227 2067 2297 ltu).
2104 2248 2107 2253 ·

165 2337 318 2394 vestram
339 2324 566 2394 domesticam
584 2319 778 2393 Ecclesiam
800 2321 1014 2405 incolumes,
1039 2332 1075 2391 et
1092 2344 1158 2403 vo·

164 2426 220 2493 bis
243 2425 336 2494 vires
359 2425 518 2515 corporis
542 2424 712 2493 restituat.
762 2421 890 2496 Arnen.
949 2419 1017 2491 Die
1040 2417 1158 2490 Natali
1502 2375 1558 2454 D·
1585 2372 1622 2449 P
1624 2375 1708 2449 ω’
1714 2402 1735 2448 ⁰
1760 2374 1913 2447 ΗΜ

165 2520 321 2595 Mariae
335 2523 512 2615 Virginis,
544 2525 607 2616 qui
630 2524 699 2594 fuit
721 2522 797 2593 dies
819 2522 949 2593 excidii
972 2516 1159 2614 lerosolg-
1210 2506 1257 2598 S.
1282 2523 1328 2595 Ι).
1379 2521 1578 2594 Meministi
1605 2545 1728 2594 versus
1747 2546 1768 2592 a
1793 2520 1944 2593 Platone
1966 2523 2106 2610 citatos,
2138 2548 2203 2597 nec

167 2648 307 2695 moram
323 2641 529 2696 autrannus
546 2624 656 2698 1473.
760 2658 764 2665 ·
1211 2649 1338 2698 aurum
1353 2649 1419 2695 uec
1434 2623 1668 2696 Adamantem
1684 2626 1772 2694 adeo
1788 2622 1934 2713 fulgere,
1958 2636 2001 2695 ut
2014 2625 2125 2715 fulget
2137 2628 2204 2697 bo-

1211 2751 1343 2798 norum
1363 2726 1564 2797 concordia.
1614 2724 1701 2795 Vidi
1720 2721 1778 2794 hic
1794 2723 1866 2793 Dei
1883 2724 2053 2795 beneficio
2070 2729 2203 2798 multo-

1211 2851 1292 2898 rum
1323 2828 1534 2896 excellenter
1561 2826 1747 2896 doctorum
1779 2837 1814 2893 et
1839 2824 2017 2895 bonorum
2044 2828 2202 2898 virorum

1212 2928 1440 2999 concordiam
1453 2949 1526 2995 esse
1541 2926 1733 3014 egregiam,
1758 2936 1794 2993 et
1807 2924 1950 3013 dignam
1968 2920 2201 3018 philosophis,

167 3062 234 3137 No·
248 3058 363 3139 4015·
491 3086 494 3093 ι
1028 3022 1159 3143 8.‘Sept.
1213 3029 1313 3099 cuius
1350 3026 1583 3096 consideratio
1614 3047 1762 3114 magnae
1795 3020 1885 3103 mihi
1918 3025 2090 3115 voluptati
2122 3029 2202 3102 tuit.

176 3158 346 3189 w·-
1025 3158 1161 3186 w*
1213 3128 1358 3201 Utinam
1374 3152 1439 3197 nos
1453 3127 1493 3195 in
1507 3121 1666 3222 Sarepta
1683 3138 1804 3196 nostra
1819 3137 1943 3195 mutuo
1960 3148 2081 3196 amore
2098 3129 2203 3197 nobis

490 3240 592 3326 Eut,
624 3237 843 3324 Musonio,
1212 3230 1299 3320 ipsis
1321 3227 1481 3299 miserias
1500 3240 1637 3298 nostrat
1661 3226 1766 3296 etiam
1791 3226 1992 3295 leniremus.
2049 3224 2093 3297 ln
2117 3251 2203 3297 con-

405 3338 411 3346 '
1213 3345 1323 3400 ventu
1336 3323 1561 3422 Augustaao
1577 3341 1729 3429 'narrant
1747 3326 1956 3419 aliquandiu
1972 3326 2043 3395 iam
2058 3343 2202 3419 propter

1212 3433 1394 3501 adversam
1411 3430 1647 3499 valetudinem
1662 3425 1886 3518 Imperatoris
1901 3427 2117 3498 intermissos
2130 3451 2204 3499 esse

1213 3532 1375 3624 publicos
1396 3553 1623 3619 congressus,
1653 3530 1875 3599 acuendum
1896 3527 2003 3595 linem
2024 3552 2096 3598 esse
2112 3530 2204 3599 deli-

174 3663 394 3742 Venerando
409 3665 499 3753 uiro,
519 3659 766 3736 eruditione'et
784 3660 930 3740 Virtute
943 3660 1163 3760 praestanti,
1212 3633 1436 3751 herminum
1460 3628 1544 3727 περὶ
1562 3635 1627 3724 Τῆς
1648 3628 1687 3702 37
1711 3623 1857 3722 ratat'vp
1882 3621 2046 3744 ⁰v3‘5‘iw
2067 3643 2203 3749 Ρῑξῑὸὓῐ·

169 3768 223 3845 Β.
251 3760 487 3864 Eutychio
511 3762 591 3838 Mu
598 3790 618 3837 ε
628 3790 677 3837 ,u
686 3763 753 3853 1⁰,
781 3763 1009 3861 gubernanti
1033 3760 1162 3834 Egel„
1213 3732 1637 3827 Meetsrrepugnantem‚
1661 3725 2201 3802 tamanscaamstnvtctnum

144 3892 147 3897 ‘
170 3873 267 3943 siam
290 3868 369 3941 Dei
392 3869 432 3940 in
457 3866 544 3940 urbe
569 3864 760 3962 Augusta,
793 3863 920 3966 sratri
948 3888 1016 3935 sao
1046 3863 1162 3935 caris·
1213 3836 1385 3954 “‚Pl’iduff‘
1406 3829 1562 3953 mffihst·
1614 3830 1760 3949 lffmifn
1777 3853 1906 3922 ΨΜ)
1924 3841 1964 3897 ¹¹¹
1979 3830 2130 3919 meum
2146 3855 2202 3900 ’θ’

586 3968 681 4039 Simo
693 3964 748 4062 ο),
1213 3937 1328 4030 ltquas
1341 3936 1556 4017 dialecticae,
1580 3946 1710 4024 positas
1724 3954 1762 3999 nt
1777 3953 1853 3999 tnea
1867 3952 1999 4015 mensa,
2024 3954 2114 4023 quae
2128 3955 2204 4000 me-

1215 4039 1272 4107 dia
1296 4051 1348 4107 est
1369 4037 1408 4102 in
1431 4032 1590 4104 conclavi
1614 4055 1712 4112 meo,
1743 4025 1970 4123 typographis
1995 4032 2130 4115 tradas,
2162 4045 2202 4100 ut

169 4114 214 4203 S·
239 4127 284 4201 D·
328 4120 543 4221 Ὠφίλτατε
570 4118 705 4220 adstat
725 4118 789 4195 καὶ
813 4124 1079 4218 θεοσεβέστατε
1105 4124 1162 4229 δι·
1214 4139 1407 4208 editionem
1427 4134 1622 4204 absolvant.
1673 4130 1763 4200 Nam
1785 4132 1823 4199 in
1846 4130 2028 4222 postremis
2050 4130 2122 4199 illis
2139 4156 2202 4221 ps-

171 4224 344 4303 doianute.
379 4224 458 4297 Etsi
470 4251 548 4297 sum
563 4227 601 4296 iu
614 4249 743 4316 magno
757 4226 881 4295 dolore
896 4240 1039 4317 propter
1054 4240 1163 4299 tetros
1214 4237 1315 4326 gellis
1335 4229 1427 4303 nihil
1448 4246 1654 4303 necesseest
1671 4232 1812 4303 mutari.
1864 4230 1984 4301 Unum
1999 4243 2104 4322 atque
2118 4232 2204 4301 alte-

171 4331 259 4404 belli
273 4341 431 4413 eventus,
455 4342 574 4401 tamen
588 4351 663 4398 non
680 4327 793 4398 multo
809 4326 985 4397 minorem
1003 4327 1162 4397 dolorem
1214 4359 1295 4406 sum
1318 4336 1516 4427 exemplum
1538 4333 1696 4403 fortassis
1719 4331 1951 4412 addidissem,
1979 4330 2008 4398 si
2027 4326 2131 4400 isthic
2148 4356 2203 4401 ss.

171 4454 290 4503 meum
321 4452 433 4501 annot
463 4429 535 4499 5²¹¹!
559 4429 712 4520 ampliat
734 4428 919 4500 duodecim
943 4428 1165 4511 cirfflmsews
1215 4460 1299 4510 seru.
1350 4433 1546 4528 Cupiebam
1568 4434 1672 4504 etiam
1695 4434 1846 4501 inserere
1870 4431 1987 4499 locum
2010 4426 2092 4526 arpi
2113 4456 2205 4526 apo·

171 4556 291 4605 causas
308 4530 505 4621 ingentium
521 4530 697 4599 malorum
715 4530 854 4599 assidue
872 4528 1035 4614 intuens,
1060 4529 1165 4599 dissi-
1217 4531 1475 4633 σωποληψίας,
1507 4542 1546 4606 ut
1569 4550 1603 4605 et
1624 4533 1835 4604 vocabulum
1858 4529 2059 4601 iunioribus
2079 4546 2204 4604 notum

169 4637 272 4705 dium
294 4633 499 4713 docentium
513 4632 552 4699 in
567 4627 877 4703 Ecclesiisnosnis
892 4632 989 4703 dere
1003 4629 1166 4716 maxims,
1216 4641 1335 4726 fieret,
1379 4653 1413 4709 et
1445 4638 1691 4708 emendaretur
1725 4628 1850 4703 Stoica
1884 4632 2089 4719 imaginatio
2123 4627 2206 4728 περὶ

172 4732 428 4825 neglectionem
470 4732 630 4803 veritatis
659 4731 699 4801 iu
736 4732 859 4802 multis
892 4730 1099 4802 doctoribus
1126 4744 1167 4803 et
1216 4735 1451 4836 προορίσεως.
1490 4737 1559 4810 Sed
1575 4737 1645 4805 alio
1664 4750 1820 4824 tempore
1837 4745 2002 4826 poterunt
2015 4734 2100 4803 addi
2116 4757 2205 4827 quae

173 4834 414 4928 principibus,
461 4827 525 4905 καὶ
557 4824 766 4919 πλεονεξίας
799 4824 1167 4932 πολυπραγμόσῦνην
1218 4843 1395 4915 volumus.
1446 4838 1542 4908 Bene
1562 4838 1649 4910 vale.
1701 4833 1858 4906 Salutem
1874 4846 1956 4923 opto
1974 4835 2075 4905 vobis
2090 4834 2208 4903 omni·

172 4927 470 5033 sordpspdroa.
520 4931 812 5021 Fciam-ibim?
826 4956 976 5023 P⁰0¹¹³⁸s
1000 4949 1036 5006 θῑ
1050 4933 1166 5005 Deum
1219 4946 1305 5028 bus,
1329 4956 1364 5011 et
1379 4941 1533 5010 familiae
1551 4962 1659 5009 meae.
1709 4933 1846 5006 Vellem
1862 4928 2103 5006 Matthaeum
2121 4935 2208 5005 vici-

174 5060 334 5120 oremus,
358 5050 399 5106 nt
413 5049 512 5106 tanet
526 5036 673 5105 vulnera
688 5046 819 5103 nostra.
1221 5068 1307 5114 num
1326 5057 1426 5114 tuum
1441 5035 1609 5112 inchoare
1624 5032 1815 5136 opatptxoi.

237 3413 443 3483 11·Ειιιιιιιιιςιι
464 3412 499 3466 bo
515 3412 543 3466 in
563 3411 685 3467 biblioth.
706 3409 781 3465 urbis
793 3407 928 3479 Zofiugert
949 3404 1161 3469 mibidetcriota

271 3482 342 3538 el’l.
355 3482 425 3539 Rev·
463 3482 582 3536 ritorto.

207 5324 237 5390 ²⁸¹)
257 5320 434 5391 Adseriptum
447 5327 500 5373 este
519 5317 595 5373 1547.
613 5316 649 5371 24
661 5312 772 5385 septb-s
787 5312 969 5382 hauddubie,
986 5320 1016 5367 nt
1031 5313 1166 5387 significa.

240 5401 301 5456 tur,
320 5386 480 5444 Musculum
496 5406 529 5441 eo
542 5387 585 5441 die
599 5386 669 5442 banc
683 5384 825 5450 epistolam
841 5380 985 5450 accepisse.
