4748 6022
163 308 238 388 725
759 292 1193 376 nn1snotsttutt
1241 292 1418 382 Litt'X.
1470 297 1601 384 tots.
2138 318 2212 394 m

164 484 325 564 sestrice,
350 497 384 554 et
406 481 437 551 ei
456 479 623 551 concedet
640 475 836 549 ducendam
852 472 958 544 aliam
974 466 1161 544 honestam
1211 474 1279 546 tibi
1309 475 1523 548 satisfactum
1553 491 1616 553 est.
1664 475 1735 551 Sed
1764 472 1835 552 iam
1850 473 1898 554 'eo
1920 476 2098 578 Lipsiam,
2130 512 2211 561 cum

165 588 350 675 coniugem
373 580 566 654 christiano
590 593 624 650 et
649 578 791 669 publico
817 576 900 646 ritu.
958 573 1026 644 Vir
1049 587 1163 664 potest
1210 571 1427 647 Aurbuclss'o
1451 602 1490 649 ea
1517 581 1561 649 de
1582 602 1621 649 re
1638 573 1893 674 disputaturus.
1950 583 2212 683 lnaliisparri.

166 688 272 756 etiam
295 688 334 754 in
356 685 577 754 accusatione
601 704 662 750 sua
686 678 838 767 allegare
852 675 1020 745 veneficia
1037 688 1073 745 et
1087 698 1164 745 ma·
1210 679 1277 748 hus
1292 680 1419 765 libelli,
1439 681 1503 751 etsi
1518 684 1690 773 quaedam
1706 686 1904 772 emendavi,
1929 699 2048 759 tamen
2062 715 2119 761 res
2134 716 2209 763 non

166 789 259 878 gicas
282 786 551 857 incantationes.
603 780 674 852 Sed
699 777 937 851 controversia
963 777 1007 845 de
1028 775 1111 846 dote
1129 788 1164 845 et
1211 794 1295 850 sunt
1310 794 1474 855 mutatae.
1512 780 1610 852 Bene
1626 783 1715 854 vale.
1764 785 1822 860 18.
1836 784 2049 861 Novembris
2060 784 2109 887 *),
2136 817 2207 885 quo

167 892 212 958 de
235 887 404 958 citatione
426 896 570 978 propter
593 884 736 973 nuptias
759 874 850 949 nihil
866 877 1018 969 pertinet
1035 878 1080 946 ad
1094 873 1166 945 Pa·
1211 895 1294 952 ante
1318 905 1453 952 annum
1475 883 1521 952 ad
1542 897 1700 955 nostram
1714 883 1897 979 Sareptam
1919 890 2074 981 primum
2090 894 2208 964 addu.

168 1004 319 1074 morem,
351 988 411 1056 sed
428 985 652 1074 magistratus
668 980 835 1073 politicus
851 979 940 1049 tales
957 990 1164 1049 controver-
1211 994 1288 1051 ctus
1304 983 1372 1053 luit
1391 977 1532 1053 hostilis
1548 987 1736 1073 exercitus,
1761 1011 1828 1078 pro
1843 1011 1914 1082 qua
1935 1004 2115 1086 utcunque
2132 1016 2207 1065 ser.

168 1092 237 1160 sias
253 1090 447 1160 diiudicare
462 1087 617 1157 deberet.
1211 1095 1290 1152 vata
1307 1080 1383 1153 Deo
1400 1085 1527 1172 gratias
1542 1108 1619 1174 ago.
1664 1084 1798 1160 lterum
1812 1091 1900 1164 vale.
1940 1089 2049 1164 Mitto
2065 1116 2207 1165 carmen

268 1217 442 1290 Fortassis
475 1229 593 1288 autem
623 1225 744 1304 pastor
775 1235 851 1280 non
876 1210 1033 1281 libenter
1057 1210 1164 1280 talem
1211 1185 1256 1253 de
1277 1184 1439 1275 Pf⁰¹im³
1457 1185 1589 1278 ⁸⁰¹3P55·

169 1343 372 1415 processum
395 1319 574 1396 instituet,
605 1327 647 1383 ut
666 1326 843 1404 proponat
857 1312 1078 1391 citationem,
1100 1334 1165 1379 au·
1906 1286 2106 1385 Philippus.

169 1424 244 1491 diat
258 1441 427 1512 personas
443 1432 477 1489 et
490 1420 581 1487 ferat
595 1415 817 1485 sententiam.
854 1411 926 1484 Sed
943 1412 1164 1483 venerandus

168 1515 454 1597 D.-Matshesios
469 1541 551 1588 eum
567 1515 716 1586 consilio
731 1538 795 1584 suo
811 1515 918 1584 iuvet.
938 1510 988 1583 Et
1003 1526 1054 1583 est
1065 1512 1165 1604 pium
2199 1577 2202 1583 ¹

169 1638 205 1695 et
219 1623 319 1702 utile,
339 1634 381 1692 ut
395 1620 475 1691 talis
491 1618 647 1709 cognitio
661 1616 722 1686 fiat
735 1639 799 1708 per
808 1628 880 1686 tres
895 1613 1032 1683 vicinos
1044 1627 1165 1705 pasto·
1212 1610 1279 1685 No.
1293 1609 1407 1686 4070.
2050 1634 2110 1696 10,
2125 1626 2205 1696 No„

169 1747 237 1796 res.
289 1721 344 1793 lta
364 1734 481 1812 posset
498 1715 584 1790 haec
599 1716 837 1788 controversia
852 1728 946 1785 recte
961 1714 1113 1785 iudicari
1130 1727 1166 1784 et
1218 1708 1393 1739 Μ
1918 1780 1920 1785 ,
2045 1720 2207 1745 *⁴⁸⁹

169 1823 277 1897 finiri.
329 1820 421 1894 Nam
436 1846 516 1892 cum
534 1819 690 1913 episcopi
706 1840 782 1887 non
798 1829 980 1887 exerceant
1000 1829 1093 1885 recte
1108 1815 1166 1883 iu·
1412 1787 1514 1903 (Αᾶ
1527 1789 1736 1875 Ραθΐθνθθ
1749 1791 2015 1908 Hambtsrg.)

170 1925 263 1994 dicia
282 1919 545 2004 Ecclesiastico,
577 1942 717 1990 necesse
742 1932 814 2005 est,
846 1915 1070 1988 conscientiis
1092 1939 1168 1984 me-
1284 1942 1363 2012 η,
1381 1951 1432 2012 ,Ρο
1482 1944 1670 2015 phisicam.
1691 1944 2207 2018 Mon.st.ao.1V,p.119.0100a

170 2026 248 2096 defi
262 2038 430 2118 pastore&
1319 2011 1428 2071 Memfi
1447 2049 1455 2067 .
1473 2029 1500 2082 p.
1516 2012 1557 2066 15.
1576 2011 1622 2066 ubi
1636 2011 1748 2083 epistola
1762 2013 1940 2084 inscriptione
1952 2027 2040 2089 caret3
2056 2017 2103 2097 sed
2118 2038 2149 2074 ex
2161 2039 2209 2074 a·

582 2115 1168 2210 lohannesssugenhagiuspomer.
1318 2089 1450 2150 gumeuto
1463 2078 1638 2150 intelligitus,
1657 2081 1856 2153 conscriptam
1868 2100 1939 2138 mag

582 2217 943 2393 (lipsipprlvpzlllrudger
955 2217 1002 2295 D·
1296 2285 1299 2291 f
1407 2229 1492 2333 (Ad
1510 2244 1678 2334 pastores
1703 2234 2034 2336 Hamburgensss.)

583 2421 717 2493 Paulus
731 2419 882 2494 Eberus.

1216 2364 1262 2457 S.
1286 2381 1331 2459 D,
1381 2382 1584 2456 Reverendi
1606 2399 1641 2456 et
1662 2382 1861 2457 charissimi
1878 2388 1965 2477 viri,
1990 2393 2163 2485 sapientia
2176 2410 2212 2469 et

1219 2486 1350 2558 virtute
1363 2499 1590 2579 praestantes.
1642 2483 1755 2578 Saepe
1773 2489 1887 2579 cogito
1906 2491 2079 2582 singulari
2095 2495 2213 2568 consi·

186 2603 1170 2674 ——--·-n—-·---—--·--'·-··.·
1217 2587 1268 2658 lio
1285 2601 1320 2657 et
1334 2584 1504 2658 beneficio
1521 2584 1589 2657 Dei
1607 2586 1644 2657 in
1661 2588 1754 2658 bene
1767 2584 1794 2684 ¹)
1815 2593 1961 2664 moratis
1976 2595 2126 2669 urbibus
2140 2597 2211 2671 Ec-

1219 2690 1342 2759 clesias
1359 2702 1451 2760 recte
1467 2688 1676 2759 constitutas
1690 2690 1782 2775 esse,
1799 2703 1841 2762 ut
1856 2694 1901 2761 ad
1918 2707 2077 2785 posteros
2091 2723 2212 2771 necess
2255 2697 2260 2707 ’

176 2771 243 2843 ΝΟ·
254 2770 369 2841 4069·
1025 2776 1081 2836 1⁰·
1091 2765 1171 2830 Nos.
1220 2790 1311 2860 saria
1334 2790 1379 2858 de
1394 2789 1469 2858 filio
1483 2786 1551 2859 Dei
1566 2789 1728 2860 doctrina
1745 2786 1933 2883 propagari
1946 2798 2067 2885 possit
2099 2812 2102 2817 ’
2118 2800 2210 2872 Nam

180 2866 352 2896 Μ
1031 2857 1171 2885 Μ

399 2987 403 3003 ¹
501 2912 870 3042 1⁰·Amffabro·‘
986 2999 1000 3010 ἱ
1220 2889 1259 2960 in
1274 2889 1477 2982 principum
1488 2888 1694 2979 regionibns
1707 2905 1828 2961 metuo
1841 2891 2024 2987 aliquanto
2039 2913 2118 2990 post
2132 2924 2212 2971 cum

1221 3005 1355 3062 caetera
1372 2989 1489 3061 civilia
1505 3004 1727 3076 ornamento,
1742 3005 1819 3062 tum
1834 2992 1941 3063 etiam
1956 3019 2077 3067 vocem
2091 2995 2215 3071 Evan-

243 3096 323 3167 †ttx
335 3093 522 3170 apograph-is
536 3094 599 3149 cod·
612 3093 700 3155 Pstis.
719 3095 756 3152 Ι).
770 3097 802 3148 L.
816 3093 877 3149 ⁵⁴⁸·
1221 3092 1304 3183 gelii
1331 3091 1556 3162 interituram
1578 3114 1653 3163 esse
1675 3105 1709 3162 et
1734 3105 1880 3184 pmpter
1900 3093 2057 3186 ipsorum
2078 3101 2214 3191 princi-

383 3248 443 3328 Μ·
469 3246 653 3322 naam·
684 3245 963 3350 Amisum·
1221 3192 1589 3386 tttttttltut
1599 3191 2214 3389 ttttli‘lttttzttttlffttt

180 3383 221 3476 S.
247 3398 293 3474 D.
350 3395 540 3473 Carissime
563 3393 749 3469 lohannes.
808 3394 849 3468 Si
870 3417 948 3487 spes
970 3390 1175 3484 tranquilli·
1222 3395 1350 3486 gratias
1372 3416 1455 3484 ago,
1484 3397 1580 3488 quod
1607 3395 1788 3466 doctrinae
1808 3395 1923 3468 lucem
1940 3413 1974 3469 et
1990 3422 2111 3472 semen
2132 3428 2215 3475 san-
2259 3426 2276 3455 ·

179 3503 261 3576 tatis
284 3513 371 3572 esset
392 3500 432 3570 in
453 3494 512 3569 his
530 3497 754 3588 regionibus,
778 3493 992 3568 Academiae
1008 3486 1176 3590 ναυαγία
1223 3510 1318 3568 ctum
1331 3492 1509 3566 Ecclesiae
1527 3497 1567 3565 in
1583 3497 1733 3568 urbibus
1746 3496 1941 3569 maioribus
1957 3517 2090 3589 servat,
2116 3530 2217 3577 eum-

183 3604 288 3675 citius
306 3602 426 3691 colligi
439 3613 594 3693 possent.
645 3597 716 3670 Sed
733 3614 773 3670 tu
788 3598 910 3669 vidisti
927 3597 1002 3688 ipse
1017 3590 1176 3664 horribi-
1224 3622 1294 3692 que
1312 3620 1397 3678 oro,
1428 3611 1469 3668 ut
1489 3597 1551 3666 illa
1573 3598 1753 3669 domicilia
1773 3600 2049 3681 virtutisservet
2063 3600 2102 3700 ').
2161 3605 2216 3676 Ac

183 3707 253 3777 lem
282 3703 437 3795 positum
468 3700 651 3792 proximae
680 3698 839 3790 eclipsis.¹
885 3695 1177 3789 Etiamquietae
1224 3713 1358 3769 vestrae
1372 3697 1508 3768 civitati
1523 3693 1614 3768 hanc
1629 3699 1770 3770 laudem
1785 3699 1924 3791 pietatis
1934 3703 2104 3791 gratulor,
2120 3707 2217 3798 qnod

182 3804 397 3896 reipublicae
418 3801 649 3871 denunciaret
670 3800 855 3870 tumultus.
904 3796 1009 3869 Nunc
1023 3820 1103 3867 cum
1119 3819 1179 3868 su·
1225 3801 1265 3871 in
1282 3801 1446 3872 fovendis
1469 3799 1653 3871 literarum
1676 3801 1804 3872 studiis
1828 3801 1970 3890 publice
1992 3815 2026 3873 et
2048 3806 2217 3897 privatim

181 3907 321 4000 periore
341 3927 436 3974 anno
461 3915 555 3972 mota
576 3914 612 3972 et
633 3923 707 3970 non
722 3901 841 3969 sedata
858 3897 906 3969 sit
920 3892 979 3988 *),
1004 3910 1177 3992 qnantum
1226 3902 1411 3995 plerasque
1432 3901 1518 3970 alias
1542 3901 1670 3984 vincit3
1703 3925 1768 3991 pm
1791 3920 1863 3995 quo
1879 3900 1996 3974 officio
2011 3903 2126 3977 Deum
2141 3930 2217 3991 oro,

183 4009 230 4078 sit
245 4004 413 4096 periculi,
438 4002 541 4072 facile
556 4001 882 4089 existimaremus.
922 3996 976 4068 Te
992 3999 1177 4069 nobiscum
1226 4016 1266 4074 ut
1289 4003 1390 4072 vobis
1409 4000 1564 4070 vicissim
1578 3998 1791 4082 benefaciat,
1818 4013 1859 4072 ut
1875 4004 2043 4097 scriptum
2060 4021 2126 4076 est:
2153 4007 2217 4100 qui
2312 4070 2321 4081 ,

184 4128 258 4177 esse
282 4127 321 4173 ac
341 4101 416 4172 frui
437 4124 503 4170 nos
525 4113 559 4170 et
573 4099 794 4168 iuventutem
810 4109 872 4166 tuo
888 4096 1053 4185 ingenio,
1066 4112 1178 4189 ,opta-
1226 4103 1361 4173 dederit
1382 4099 1438 4169 vel
1462 4112 1584 4191 potum
1608 4123 1721 4194 aquae
1742 4103 1806 4173 uni
1828 4125 1869 4171 er
1891 4106 2051 4175 minimis
2072 4121 2217 4199 propter

184 4208 264 4279 rim.
316 4199 409 4272 Iussi
428 4198 535 4271 etiam
554 4198 622 4270 tibi
637 4196 769 4269 servari
784 4196 902 4267 locum
918 4196 1178 4268 concionatoris
1226 4200 1441 4284 doctrinam,
1467 4195 1612 4272 habebit
1626 4204 1835 4274 mercedem.

187 4303 374 4395 intemplo
391 4300 493 4393 arcis.
538 4298 608 4372 Sed
625 4323 705 4369 cum
721 4299 849 4369 bruma
866 4295 1038 4389 impediat
1049 4295 1177 4367 itinera
1325 4313 1500 4408 Exposuit
1515 4330 1632 4388 „utem
1648 4319 1704 4389 vir
1720 4313 1890 4391 honam.
1910 4332 1945 4390 eg
1968 4320 2111 4408 domu,
2136 4321 2218 4394 Ma.

187 4422 221 4478 et
245 4418 384 4476 nostrae
404 4398 676 4472 deliberationes
691 4411 874 4492 expectent
890 4410 1085 4469 conventus
1100 4390 1180 4469 Au·
1226 4421 1334 4512 gine„
1348 4410 1540 4488 [ohannes
1551 4414 1692 4491 Delius
1707 4414 1755 4516 ⁴),
1781 4442 1878 4492 nunc
1893 4415 1997 4518 vos')
2020 4422 2217 4496 deliberare

187 4506 326 4598 gustani
350 4504 501 4584 exitum,
526 4524 645 4571 meum
665 4498 853 4569 consilium
869 4511 939 4583 est,
962 4511 1004 4569 nt
1020 4511 1178 4591 expectes

187 4607 344 4698 LiP⁵i⁰³⁸
367 4602 558 4673 nundina&
608 4598 707 4670 Idem
730 4601 885 4671 arbitror
905 4599 1058 4670 “tibere
1077 4589 1180 4668 Ebe‘
1260 4656 1371 4729 *ll'ro
1394 4653 1520 4710 18.Nov.
1541 4652 1715 4709 scribendum
1732 4662 1789 4708 est:
1810 4654 1852 4710 10.
1865 4652 1998 4710 Novems.
2028 4652 2096 4711 Nam
2110 4648 2162 4711 seli
2182 4656 2219 4711 sis

190 4733 282 4779 rum.
332 4704 471 4775 Interea
489 4716 524 4774 et
539 4715 579 4772 tu
594 4700 638 4770 ad
653 4723 718 4770 nos
731 4698 894 4770 scribito:
930 4713 966 4771 et
980 4721 1047 4770 nos
1060 4700 1105 4769 de
1120 4723 1179 4768 re·
1293 4725 1376 4790 sotis,
1403 4740 1484 4794 qum
1554 4722 1744 4790 transmutati,
1766 4676 2219 4790 suisa.12.ttovemt.1547.,⁹os

187 4808 331 4902 publica
351 4800 627 4895 significabimus
647 4824 707 4884 ea,
735 4823 825 4894 quae
846 4794 1058 4872 babebimus
1081 4791 1179 4881 ἄξιό-
1295 4792 1468 4916 {⁸33⁶ssde
1477 4789 1523 4930 ῑὲθ
1528 4790 1635 4914 1ξῦ6[ῑν*ῑ
1651 4791 1748 4858 ΝΜ.
1774 4789 1850 4863 *1⁰⁰⁴
1867 4789 1965 4861 tsgtue
1985 4791 2014 4847 ἢ
2031 4791 2123 4862 wit*
2141 4792 2218 4863 pest.

189 4915 283 5008 toyo
317 4902 384 4979 καὶ
418 4895 708 5000 κορυφαιότητα.
782 4896 826 4970 lu
858 4893 1060 5011 dialecticis
1097 4894 1180 4994 napi
1261 4950 1290 5016 ¹)
1307 4942 1498 5010 mmm,
1512 4944 1617 5006 W·
1632 4944 1770 5002 Momgg

189 5010 425 5092 συνεκτικοῦ,
451 5007 491 5075 in
508 5006 586 5075 loco
604 5023 788 5097 causarum
810 5023 830 5070 a
854 5022 911 5070 me
935 5012 1090 5072 erratum
1116 5013 1179 5074 est.
1260 5029 1379 5101 goos.
1392 5028 1471 5083 am
1481 5028 1527 5085 aa,
1543 5031 1695 5101 mlum„

118 5118 124 5128 '
189 5109 332 5181 Mutari
354 5132 435 5179 eum
459 5107 577 5178 locum
599 5105 665 5174 etsi
679 5126 727 5173 ne
740 5124 838 5172 nune
850 5101 997 5194 quidem
1012 5096 1104 5171 mihi
1119 5114 1180 5172 ant
1260 5119 1289 5188 s)
1306 5119 1567 5185 eumquemem]
1581 5114 1990 5176 “amterminum

1261 5204 1294 5270 4)
1311 5204 1354 5256 De
1367 5217 1399 5253 eo
1412 5198 1466 5258 stt.
1480 5200 1565 5269 ep.-d.
1581 5201 1623 5255 12.
1637 5201 1688 5256 lul.
1704 5201 1780 5257 tsts.

1262 5287 1294 5358 5)
1312 5288 1374 5347 uos]
1390 5282 1419 5336 in
1432 5285 1495 5341 cod.
1510 5282 1648 5340 Momdd.
1663 5283 1793 5356 scriptum
1805 5283 1872 5352 suit,
1888 5290 1976 5345 recte;
1994 5280 2107 5336 ssd-slis
2122 5299 2220 5337 manus

224 5362 252 5428 ⁶¹)
259 5369 473 5485 ''apptpsceitlpon
485 5363 601 5415 sedatus
612 5356 721 5416 ridetur
733 5355 921 5423 scribendum,
937 5355 990 5412 nisi
1001 5356 1113 5414 tortum
1126 5375 1179 5414 no·
1298 5353 1397 5476 'sisteris
1417 5368 1468 5404 vos
1481 5362 1508 5406 et
1519 5353 1707 5425 superscripsit
1721 5355 1869 5407 vobissum.
1896 5350 1967 5407 Cod.
1980 5349 2060 5405 Mon.
2072 5342 2116 5404 66.
2130 5361 2218 5406 reete:

1421 5491 1505 5568 46*
