4748 6022
672 248 1114 325 EPlSTOLARUM
1175 251 1355 327 trux.
1409 252 1540 328 1⁶47.
2057 256 2133 334 488
2224 194 2228 203 Ι

918 436 973 502 15.
989 429 1077 499 liert.
1137 425 1197 517 qui
1216 439 1249 495 et
1264 425 1540 514 elegantissimos
1555 447 1676 495 versus
1692 439 1771 495 tuos
1786 430 1923 513 attulit,
1948 429 1987 497 in
2003 430 2134 523 quibus

97 522 309 565 Μ
765 582 772 596 .
912 520 1083 550 ”⁴⁸⁸⁴
1136 526 1238 596 exilia
1256 541 1459 597 nostrarum
1475 528 1734 597 academiarum
1751 530 1932 621 deploras,
1958 543 1993 601 et
2009 533 2135 628 inclyti

363 576 516 661 Ioach’
548 573 811 662 cameram
1134 627 1310 721 Principis
1338 629 1504 720 epistolas
1534 642 1568 699 et
1589 641 1678 702 tuas.
1742 624 1958 719 Ioaehimo,
1990 635 2054 727 qui
2079 636 2132 705 fa-

153 731 239 803 Epin.
254 734 289 789 ad
301 734 441 791 camerac.
458 754 486 807 p.
498 735 546 789 571
558 755 599 807 sq.
619 736 672 804 (ed.
686 734 779 789 Lond.
796 733 846 790 tib.
860 732 911 789 tv.
922 734 1055 805 ep.718.).
1133 731 1268 801 miliam
1286 755 1386 802 suam
1399 726 1640 823 Erphordiam
1659 735 1862 819 transvexit,
1884 748 1918 804 et
1936 736 1974 804 in
1989 760 2028 804 ea
2042 738 2132 807 urbe

88 876 141 960 CI
197 889 204 906 .
250 891 259 909 .
369 894 377 912 ,
506 889 578 963 (Η.
691 903 704 963 ἰ
759 892 767 908 .
786 901 840 963 Η
991 904 1004 963 l
1060 894 1091 963 ἱ,
1133 835 1347 952 commorari
1367 834 1623 953 aliquantisper
1644 834 1817 914 decrevit,
1852 839 1970 909 statim
1992 839 2072 908 misi
2088 863 2130 909 eo

139 913 316 964 ⁶⁷¹⁸⁸¹m⁰
340 920 417 965 ⁰⁹⁰
442 918 502 964 ‘m
532 916 688 963 ’ΜΗ
730 918 824 963 ν”α
843 917 859 962 ‘³
878 916 988 991 imm
1006 919 1088 965 ‘m'
1133 938 1191 1005 dre
1217 950 1295 1007 tuas
1318 938 1438 1008 literas
1463 951 1498 1007 ct
1521 936 1660 1026 elegias.
1724 935 1888 1022 Caetera,
1927 964 2017 1032 quae
2043 942 2132 1011 seri-'

86 988 337 1067 J⁰a0h¹m⁰
370 991 642 1068 C⁰W⁶W¹⁰
674 1021 792 1066 ‘'mu‘'
820 995 993 1092 ‘isram
1020 1023 1088 1069 ⁸¹¹⁰
1132 1040 1232 1129 psisti
1255 1035 1345 1107 mihi
1368 1063 1471 1109 curae
1496 1053 1611 1109 erunt.
1664 1038 1754 1108 Filia
1771 1031 2004 1123 Catharina,
2036 1043 2130 1112 febri

484 1123 696 1185 wrlSSlmO,
1132 1142 1350 1225 conflictata,
1382 1138 1449 1209 Dei
1473 1142 1644 1211 beneficio
1670 1143 1892 1211 convalescit.
1952 1137 2130 1212 Marcbio

85 1224 132 1314 S,
158 1242 204 1318 D,
253 1247 342 1317 Heri
364 1264 560 1320 emmam
577 1247 1087 1343 mihiepistolamtabellarius
1131 1236 1365 1327 Friderieus,
1390 1239 1563 1311 Electoris
1581 1245 1691 1323 filius,
1719 1246 1849 1315 electus
1866 1259 1918 1315 est
1931 1242 2131 1335 Episcopus

85 1360 201 1416 vester
216 1344 452 1436 exhibuisset,
478 1352 577 1423 venit
592 1378 631 1422 er
646 1352 790 1423 Prassia
806 1353 949 1445 quidam
967 1366 1087 1421 noster
1131 1341 1382 1436 Parthenopes.
1451 1342 1522 1415 Sed
1559 1339 1645 1415 haec
1680 1347 1822 1437 publica
1855 1348 1996 1436 negotia
2030 1348 2130 1438 prius

88 1450 230 1518 auditor
247 1453 474 1526 mediocriter
488 1456 648 1524 amerina
668 1456 835 1540 excultus,
853 1454 916 1548 qui
931 1469 965 1524 et
980 1453 1086 1524 Prin.
1131 1448 1274 1516 aliunde
1299 1447 1455 1518 resciscit
1482 1446 1581 1531 aula,
1615 1473 1722 1540 quam
1747 1473 1845 1518 meae
1867 1449 1991 1519 literae
2013 1445 2129 1520 isthuc

86 1551 174 1643 cipis
187 1566 222 1621 ct
237 1549 377 1622 Sabini
391 1557 526 1626 litteras
541 1559 672 1629 attulit.
720 1556 853 1627 Filium
873 1571 991 1640 tuum,
1017 1555 1083 1624 Dei
1131 1551 1370 1639 perferuntur.
1419 1541 1639 1617 Fabianum
1656 1551 1776 1621 iudico
1796 1553 1995 1620 modestum
2010 1547 2129 1620 homi-

86 1654 277 1739 beneficio,
310 1670 401 1725 recte
431 1660 547 1727 valere
576 1662 699 1743 audio,
733 1684 849 1728 meam
871 1659 981 1727 liliam
1002 1657 1084 1727 Dux
1129 1676 1210 1719 nem
1228 1674 1301 1720 esse
1320 1666 1353 1721 et
1375 1652 1420 1719 de
1438 1666 1471 1720 te
1487 1652 1577 1721 bene
1596 1654 1801 1746 loquentem
1823 1678 1925 1744 saepe
1946 1654 1983 1721 in
2000 1678 2128 1743 magna

86 1755 160 1846 ipse
174 1758 296 1828 scribit
311 1760 508 1850 periculoso
526 1763 651 1830 morbo
673 1762 869 1830 conflictari
885 1754 937 1855 ἢ.
976 1759 1082 1847 Quod
1129 1755 1270 1822 testium
1286 1753 1483 1847 frequentia
1500 1754 1632 1826 audivi.
1659 1753 1757 1824 Bene
1774 1757 1860 1824 vale.
1889 1754 2012 1826 ldibus
2026 1756 2128 1825 Mar-

86 250 164 327 487

98 424 168 500 Νο.
184 425 297 501 8782.

87 1870 120 1926 et
135 1855 292 1928 Somniis
319 1861 506 1953 aliquoties
531 1857 621 1929 mihi
643 1860 874 1951 significatum
891 1877 953 1931 est.
1005 1860 1082 1950 Ego

87 1983 143 2026 me
162 1975 196 2030 et
221 1961 259 2027 in
282 1963 429 2052 privatis
453 1978 486 2032 et
503 1964 654 2054 publicis
671 1965 824 2036 dolorib.
842 1958 905 2032 hac
921 1966 1083 2033 corisola-

85 2061 182 2131 tione
206 2077 381 2149 sustento,
415 2088 522 2157 quam
537 2062 632 2133 Deus
655 2067 761 2134 nobis
782 2066 948 2145 tradidit,
975 2065 1081 2133 misso

83 2163 175 2247 lilio,
209 2189 312 2256 quem
341 2166 425 2235 lecit
448 2160 638 2260 ἁμαρτίαν
644 2220 657 2251 ,
693 2181 732 2237 ut
754 2192 819 2236 nos
844 2170 1005 2236 fieremus
1026 2162 1083 2238 ‹le-

84 2258 265 2358 καιοσύνη
292 2266 405 2350 θεοῦ,
442 2283 475 2337 et
506 2283 650 2360 propter
678 2270 812 2361 ipsum,
846 2285 879 2339 et
903 2295 967 2361 per
990 2294 1082 2340 euna.

85 2361 187 2435 Nihil
219 2381 334 2457 potest
361 2370 497 2441 tristius
520 2385 661 2462 peccato
686 2372 767 2441 dici.
827 2368 967 2441 Rursus
990 2366 1082 2438 nihil

87 2469 274 2556 gloriosius
299 2469 442 2541 lusticia
465 2473 543 2546 Dei.
601 2470 691 2542 Cum
718 2474 826 2563 igitur
852 2475 889 2542 id
914 2474 1008 2566 quod
1033 2487 1084 2540 cst

84 2570 352 2658 tristissimum,
383 2576 581 2646 derivatum
610 2576 655 2645 sit
683 2575 721 2643 in
752 2577 884 2660 lilium,
917 2589 957 2643 ut
978 2575 1083 2642 nobis

84 2689 304 2763 parceretur,
331 2701 466 2770 nosque
485 2679 545 2746 illa
561 2701 686 2767 magna
705 2678 816 2767 gloria
833 2678 948 2748 ornati
964 2677 1082 2759 simus,

84 2788 124 2844 ut
144 2777 305 2846 dicamur
327 2775 504 2877 γίνεσθαι
519 2773 738 2873 δικαιοσύνη
753 2780 867 2864 θεοῦ,
893 2805 967 2847 non
984 2780 1082 2846 sran-

83 2899 207 2964 gamur
233 2881 379 2965 animis,
420 2882 490 2952 Sed
516 2908 535 2952 a
562 2885 627 2952 deo
653 2898 795 2953 aeterno
819 2897 918 2974 patre
943 2881 1081 2950 domini

83 2981 196 3048 nostri
221 2979 301 3050 lesu
324 2978 460 3052 Christi
491 2998 653 3075 petamus
680 2999 715 3055 et
737 3000 956 3075 expectemus
980 2983 1082 3052 auxi·
1127 3047 1135 3062 ,

83 3080 171 3151 lium
190 3094 225 3150 ct
238 3084 498 3167 defensionem,
524 3087 586 3177 qui
603 3101 695 3156 certe
712 3112 784 3154 non
800 3088 929 3155 descrit
945 3086 1080 3155 studio-

84 3205 141 3249 sos
165 3184 347 3252 doctrinae
371 3187 517 3256 celestis.
569 3185 645 3254 Hac
665 3201 696 3256 te
715 3189 958 3258 consolatione
976 3188 1080 3257 etiam

83 3282 229 3371 erigite,
255 3308 321 3353 nec
337 3300 481 3377 propter
498 3287 620 3356 ruinas
639 3287 874 3377 imperiorum
892 3290 940 3357 ita
958 3312 1081 3356 cxcnr-

83 3384 236 3469 eiemur,
262 3399 302 3454 ut
322 3384 398 3456 Deo
423 3390 625 3458 irascamur.
677 3387 773 3459 Deus
797 3404 961 3459 aeternus
982 3403 1081 3479 pater

83 3486 224 3553 domini
255 3491 368 3558 nostri
393 3488 471 3560 lesu
493 3486 627 3561 Christi
650 3506 764 3563 servet
785 3506 819 3562 te
841 3505 875 3561 et
895 3487 1080 3563 honestiss.

54 3592 57 3603 '
82 3587 268 3676 coniugem
282 3602 398 3675 tuam,
425 3609 458 3662 et
475 3593 617 3662 dulciss.
632 3595 763 3663 liberos
778 3609 869 3665 tuos.
911 3591 1080 3662 Sturcin-

86 3682 154 3756 dae
177 3691 255 3759 viro
284 3691 446 3784 integerr.
463 3688 521 3785 *ἢ
548 3697 695 3765 salutem
720 3711 817 3786 opto.
869 3693 966 3764 Bene
990 3698 1078 3768 vale.

86 3790 169 3864 ldib.
187 3790 341 3866 Martiis.
699 3794 832 3888 Philip.
849 3795 1027 3868 Melanth.

94 3976 179 3987 ———-
198 3980 248 3987 ---
278 3983 281 3987 ψ
303 3984 321 3989 .-
345 3983 432 3990 .—.—...-
447 3984 470 3990 ..-

83 4084 145 4156 Νο.
160 4089 274 4162 stes,

89 4185 258 4213 Μ

588 3986 703 3994 -—-0---
711 3986 764 3993 --.-
771 3988 775 3993 .
786 3987 823 3993 -.ι
829 3984 931 3994 ..u-.-aue
940 3984 955 3991 a
967 3986 991 3991 -.
1001 3984 1074 3993 -—-—--

919 4109 972 4173 15.
988 4101 1077 4165 Mart.

904 4194 1074 4220 m

453 4241 503 4333 G.
533 4242 705 4333 Sabine.

181 4408 204 4476 †
223 4406 260 4460 Ex
274 4425 368 4480 apogr.
382 4408 410 4462 in
423 4409 489 4465 cod.
503 4410 588 4483 Lang.
601 4431 629 4483 p,
646 4411 678 4462 17
688 4411 715 4464 b.

836 4540 842 4549 ι
958 4528 971 4555 ἱ

82 4553 305 4636 Clarissimo
323 4566 418 4647 viro,
446 4563 648 4640 eruditione
665 4581 696 4641 et
715 4570 843 4640 virtute
857 4571 1077 4668 praestanti,

79 4661 132 4743 D.
157 4663 276 4740 Geor
315 4668 358 4738 io
384 4667 576 4757 Sabino,
609 4697 802 4743 sacrarum
824 4667 969 4768 Legum
990 4669 1077 4745 Do-

130 4772 239 4855 etori,
265 4695 497 4843 Conciliario
518 4770 652 4868 inclyti
664 4772 787 4847 Ducis
802 4771 1026 4858 Borussim,

358 4899 490 4968 genero
508 4900 575 4945 suo
595 4877 797 4948 carissimo.

78 4984 227 5078 Triduo
250 5022 439 5101 antequam
457 5009 525 5079 iter
541 5010 717 5100 ingressus
733 5025 784 5082 est
800 5004 1001 5081 Fabianus
1016 5034 1078 5081 ve-

80 5108 132 5181 nit
160 5110 198 5178 in
220 5111 392 5203 oppidum
415 5125 576 5183 nostrum
600 5113 803 5183 adolescens
826 5112 1077 5204 Coburgensis,

79 5246 273 5261 m

112 5298 143 5369 *J
162 5299 328 5423 ἙὶΙὶοῚΑηιιι
346 5302 401 5356 iam
415 5315 524 5359 mortua
537 5314 609 5365 erat,
632 5323 695 5359 eum
711 5304 779 5360 Mel.
789 5303 922 5361 Electoris
935 5304 1075 5378 epistolam

146 5388 238 5441 accept
253 5408 261 5423 .

112 5453 162 5523 *ἢ
182 5455 347 5511 Versabatur
364 5456 447 5529 igitur
460 5456 632 5513 Camerarius
649 5458 801 5516 Erlordiae.

1128 1856 1187 1923 tiis
1207 1853 1315 1924 1547.

1136 2060 1213 2068 ——-
1223 2060 1412 2069 ———-—--—·-
1425 2060 1476 2069 --a-
1491 2061 1556 2068 υ...
1576 2061 1600 2069 .-

1139 2187 1205 2261 Νο.
1221 2185 1334 2261 3784.

1132 2287 1345 2322 Μ

1353 2370 1557 2465 Athaco,
1598 2369 1718 2451 Duri
1744 2370 1894 2452 Prusa.

1195 2534 1232 2587 Ex
1250 2535 1416 2604 autographo
1430 2532 1502 2586 edita
1515 2553 1530 2587 a
1543 2532 1565 2585 F
1566 2533 1632 2587 abre
1646 2532 1675 2586 in
1686 2531 1771 2604 Epist.
1788 2551 1814 2604 p.
1829 2534 1887 2588 129.
1900 2551 1943 2605 ep.
1959 2534 2004 2595 87.
2106 2554 2109 2565 ·

1973 2192 2124 2260 lettere.

1973 2282 2105 2311 Nm

1341 2687 1549 2772 elberto,
1573 2688 1681 2762 Duri
1695 2687 1913 2773 Borusse'ne,

1125 2822 1169 2912 S.
1201 2840 1245 2909 D.
1305 2838 1546 2911 illustrissime
1582 2857 1616 2911 et
1648 2843 1918 2913 clementissime
1951 2845 2126 2935 princeps.

1125 2942 1401 3014 Recentissimas
1427 2944 1545 3033 accepi
1579 2944 1697 3013 literas
1726 2943 1958 3013 Celsitudinis
1989 2960 2125 3015 vestrae

1127 3071 1163 3113 m
1188 3045 1317 3137 q'uibus
1339 3047 1381 3113 de
1406 3044 1616 3112 filiae-meae
1639 3046 1764 3113 morbo
1784 3043 1875 3118 Cels.
1892 3072 1924 3117 v.
1939 3047 2060 3115 scribit
2074 3039 2126 3142 ¹¹),

1125 3173 1164 3216 ac
1186 3147 1320 3237 priores
1338 3146 1501 3236 epistolas
1517 3169 1641 3214 omnes
1656 3147 1793 3235 accepi,
1820 3160 1992 3238 quantum
2008 3149 2125 3217 racio-

1126 3249 1235 3317 ciuari
1260 3272 1301 3315 ex
1324 3248 1474 3335 siugulis
1491 3271 1643 3338 possum.
1697 3247 1805 3336 Quod
1822 3273 1878 3316 me
1893 3246 1984 3321 Cels.
1999 3277 2033 3322 v.
2051 3264 2123 3320 tarn

1125 3352 1316 3420 elementer
1344 3365 1442 3420 vocat
1466 3351 1504 3416 in
1520 3348 1718 3433 Prussiam,
1754 3344 1923 3420 hactenus
1945 3346 2069 3445 hyems
2089 3364 2126 3422 et

1125 3451 1316 3543 expectatio
1326 3476 1445 3519 rerum
1461 3476 1550 3544 quae
1567 3453 1605 3519 in
1621 3448 1686 3521 hac
1697 3450 1910 3521 Germaniae
1928 3467 2026 3543 parte
2041 3467 2124 3523 sunt

1125 3570 1255 3637 motae,
1282 3578 1336 3620 rne
1353 3553 1594 3626 detinuerunt.
1647 3552 1718 3622 Sed
1734 3568 1853 3623 tamen
1871 3555 1937 3625 iter
1960 3556 1996 3623 in
2014 3555 2124 3626 Prus-

1123 3659 1211 3726 siam
1229 3655 1411 3746 aliquanto
1428 3669 1507 3745 post
1526 3657 1700 3747 suscipere
1716 3656 1866 3726 decrevi.
1919 3654 2017 3727 Inter
2032 3671 2124 3727 cete-

1124 3784 1178 3829 ras
1196 3759 1420 3840 calamitates,
1437 3782 1524 3849 quas
1538 3753 1606 3827 hoc
1623 3759 1721 3827 triste
1738 3757 1872 3826 bellum
1888 3760 2014 3844 adfert,
2035 3754 2122 3829 haec

1124 3886 1265 3955 quoque
1285 3860 1503 3949 deploranda
1520 3875 1590 3943 est,
1618 3863 1713 3952 quod
1730 3860 1848 3927 studia
1862 3862 2044 3931 doctrinae
2064 3884 2122 3929 ee-

1124 3966 1220 4033 lestis
1249 3977 1282 4031 et
1311 3962 1461 4031 aliarum
1492 3962 1621 4029 artium
1646 3961 1911 4050 impediuntur,
1948 3977 1982 4032 et
2003 3976 2124 4033 coetus

1124 4062 1323 4136 scholastici
1345 4063 1582 4152 dissipantur,
1607 4088 1676 4155 qua
1699 4087 1740 4131 ex
1762 4088 1800 4131 re
1825 4066 1868 4133 ad
1885 4064 2122 4155 posteritatem

1124 4169 1234 4238 tristis
1256 4165 1435 4235 barbaries
1457 4177 1617 4233 secutura
1641 4180 1711 4249 est,
1739 4166 1807 4233 nisi
1825 4166 1934 4256 aliqui
1952 4165 2002 4254 pii
2021 4165 2122 4254 prin-

1124 4272 1216 4359 cipes
1238 4268 1356 4335 lovere
1380 4266 1563 4335 doctrinae
1585 4267 1699 4336 studia
1724 4280 1757 4336 et
1779 4266 1873 4335 bona
1897 4266 2039 4354 ingenia
2065 4266 2123 4335 in-

1124 4386 1216 4441 terca
1244 4368 1387 4447 volent,
1422 4371 1535 4438 donec
1558 4372 1644 4439 deus
1660 4364 1722 4437 has
1743 4390 1873 4458 poenas
1892 4368 2069 4459 mitigabit
2087 4384 2122 4440 et
2138 4454 2149 4470 ·

1112 4470 1334 4541 instaurabit
1359 4467 1554 4556 Ecclesiae,
1587 4472 1662 4563 pias
1685 4464 1842 4553 scholas,
1869 4483 1903 4539 et
1925 4470 1995 4539 alia
2014 4494 2121 4541 orna-

1124 4589 1240 4644 menta
1256 4573 1385 4646 civilia.

1224 4674 1278 4744 De
1302 4700 1340 4745 re
1362 4675 1504 4767 publica
1520 4698 1610 4767 quae
1627 4696 1724 4743 nunc
1739 4675 1915 4761 sciebam,
1940 4673 2064 4768 scripsi
2082 4676 2122 4747 in

1123 4780 1269 4871 pagella.
1658 4792 1662 4799 '
1727 4858 1731 4873 Ι

1224 4874 1399 4948 Fabiani
1411 4871 1471 4971 *')
1496 4878 1630 4948 reditus
1654 4903 1696 4947 eo
1719 4881 1855 4949 tardior
1879 4895 1950 4963 est,
1984 4881 2068 4972 quia
2088 4895 2124 4951 et

1122 4985 1197 5074 ipse
1214 4982 1469 5073 expectandum
1487 4982 1644 5071 putavit,
1670 4995 1792 5051 nostro
1817 4982 1987 5066 consilio,
2015 5006 2122 5051 even-

1122 5102 1198 5158 turn
1213 5084 1373 5174 Lipsicae
1392 5083 1609 5170 obsidionis,
1635 5096 1669 5153 et
1686 5108 1748 5174 ego
1769 5109 1849 5155 eum
1868 5085 2125 5179 aliquantisper

1157 5306 1274 5433 *iffi
1288 5305 1414 5430 {qtpten
1432 5308 1529 5379 tono,
1552 5308 1659 5369 &attat
1676 5312 1789 5378 battle.
1810 5309 1880 5377 ‚rats
1894 5308 1948 5377 tter
1959 5309 2006 5364 ten
2020 5306 2064 5361 26.
2078 5308 2124 5377 ῦς.

1156 5460 1206 5529 **)
1224 5460 1324 5530 Sallen
1345 5475 1370 5519 r.
1389 5462 1486 5535 tonte.

1210 5536 1292 5609 28*
1531 5538 1542 5553 ⁸
