<?xml version="1.0" encoding="UTF-8"?>
<!DOCTYPE html PUBLIC "-//W3C//DTD XHTML 1.0 Transitional//EN"
    "http://www.w3.org/TR/xhtml1/DTD/xhtml1-transitional.dtd">
<html xmlns="http://www.w3.org/1999/xhtml" xml:lang="en" lang="en">
 <head>
  <title>
</title>
<meta http-equiv="Content-Type" content="text/html;charset=utf-8" />
  <meta name='ocr-system' content='tesseract 3.04.00' />
  <meta name='ocr-capabilities' content='ocr_page ocr_carea ocr_par ocr_line ocrx_word'/>
</head>
<body>
  <div class='ocr_page' id='page_1' title='image "./philippimelanth15melagoog/philippimelanth15melagoog_0417.png"; bbox 0 0 4748 6022; ppageno 0'>
   <div class='ocr_carea' id='block_1_1' title="bbox 150 221 374 468">
    <p class='ocr_par' dir='ltr' id='par_1_1' title="bbox 150 221 374 468">
     <span class='ocr_line' id='line_1_1' title="bbox 150 221 228 308; baseline 0 -15"><span class='ocrx_word' id='word_1_1' title='bbox 150 221 228 308; x_wconf 79' lang='grc'>787</span> 
     </span>
     <span class='ocr_line' id='line_1_2' title="bbox 165 388 374 468; baseline 0.029 -6"><span class='ocrx_word' id='word_1_2' title='bbox 165 389 235 464; x_wconf 85' lang='grc' dir='ltr'><strong>Νο.</strong></span> <span class='ocrx_word' id='word_1_3' title='bbox 251 388 374 468; x_wconf 66' lang='grc'><strong>41801</strong></span> 
     </span>
    </p>
   </div>
   <div class='ocr_carea' id='block_1_2' title="bbox 161 477 1137 526">
    <p class='ocr_par' dir='ltr' id='par_1_2' title="bbox 161 477 1137 526">
     <span class='ocr_line' id='line_1_3' title="bbox 161 477 1137 526; baseline 0.007 -3"><span class='ocrx_word' id='word_1_4' title='bbox 161 486 375 526; x_wconf 55' lang='grc' dir='ltr'><strong>Μ</strong></span> <span class='ocrx_word' id='word_1_5' title='bbox 872 477 1137 518; x_wconf 52' lang='lat' dir='ltr'><em>w</em></span> 
     </span>
    </p>
   </div>
   <div class='ocr_carea' id='block_1_3' title="bbox 256 531 831 821">
    <p class='ocr_par' dir='ltr' id='par_1_3' title="bbox 256 531 831 821">
     <span class='ocr_line' id='line_1_4' title="bbox 419 531 831 651; baseline -0.005 0"><span class='ocrx_word' id='word_1_6' title='bbox 419 531 422 536; x_wconf 76' lang='grc'><em>’</em></span> <span class='ocrx_word' id='word_1_7' title='bbox 479 566 598 651; x_wconf 72' lang='lat' dir='ltr'>nur.</span> <span class='ocrx_word' id='word_1_8' title='bbox 626 560 831 649; x_wconf 68' lang='lat' dir='ltr'>nesam.</span> 
     </span>
     <span class='ocr_line' id='line_1_5' title="bbox 256 741 622 821; baseline -0.003 -21"><span class='ocrx_word' id='word_1_9' title='bbox 256 744 343 820; x_wconf 65' lang='lat' dir='ltr'>epra.</span> <span class='ocrx_word' id='word_1_10' title='bbox 360 743 410 802; x_wconf 82' lang='lat' dir='ltr'>us.</span> <span class='ocrx_word' id='word_1_11' title='bbox 420 741 456 812; x_wconf 65' lang='lat' dir='ltr'>v.</span> <span class='ocrx_word' id='word_1_12' title='bbox 474 763 504 821; x_wconf 67' lang='lat' dir='ltr'>p.</span> <span class='ocrx_word' id='word_1_13' title='bbox 516 741 569 800; x_wconf 82' lang='lat' dir='ltr'>ss:</span> <span class='ocrx_word' id='word_1_14' title='bbox 580 761 622 817; x_wconf 64' lang='lat' dir='ltr'>sq.</span> 
     </span>
    </p>
   </div>
   <div class='ocr_carea' id='block_1_4' title="bbox 8 906 1151 1113">
    <p class='ocr_par' dir='ltr' id='par_1_4' title="bbox 8 906 1151 1113">
     <span class='ocr_line' id='line_1_6' title="bbox 39 906 1151 1015; baseline 0.001 -32"><span class='ocrx_word' id='word_1_15' title='bbox 39 931 40 935; x_wconf 73' lang='grc'>’</span> <span class='ocrx_word' id='word_1_16' title='bbox 105 970 127 993; x_wconf 77' lang='grc'>,.</span> <span class='ocrx_word' id='word_1_17' title='bbox 157 913 445 1015; x_wconf 75' lang='lat' dir='ltr'><em>Hieronymo</em></span> <span class='ocrx_word' id='word_1_18' title='bbox 470 912 693 1000; x_wconf 84' lang='lat' dir='ltr'>BesoIdo,</span> <span class='ocrx_word' id='word_1_19' title='bbox 734 912 877 989; x_wconf 85' lang='lat' dir='ltr'>docenti</span> <span class='ocrx_word' id='word_1_20' title='bbox 897 906 1151 1011; x_wconf 70' lang='lat' dir='ltr'>Evang.No-</span> 
     </span>
     <span class='ocr_line' id='line_1_7' title="bbox 8 1017 750 1113; baseline 0.016 -35"><span class='ocrx_word' id='word_1_21' title='bbox 8 1070 12 1078; x_wconf 32' lang='lat' dir='ltr'><em>f</em></span> <span class='ocrx_word' id='word_1_22' title='bbox 572 1017 750 1113; x_wconf 83' lang='lat' dir='ltr'>ribergac.</span> 
     </span>
    </p>
   </div>
   <div class='ocr_carea' id='block_1_5' title="bbox 97 1148 1155 3471">
    <p class='ocr_par' dir='ltr' id='par_1_5' title="bbox 97 1148 1155 3471">
     <span class='ocr_line' id='line_1_8' title="bbox 157 1148 1153 1258; baseline -0.012 -20"><span class='ocrx_word' id='word_1_23' title='bbox 157 1148 206 1239; x_wconf 82' lang='lat' dir='ltr'>S.</span> <span class='ocrx_word' id='word_1_24' title='bbox 232 1166 282 1236; x_wconf 88' lang='lat' dir='ltr'>D.</span> <span class='ocrx_word' id='word_1_25' title='bbox 330 1160 545 1236; x_wconf 76' lang='lat' dir='ltr'>charissime</span> <span class='ocrx_word' id='word_1_26' title='bbox 559 1161 789 1258; x_wconf 87' lang='lat' dir='ltr'>Hieronyme.</span> <span class='ocrx_word' id='word_1_27' title='bbox 825 1159 942 1233; x_wconf 90' lang='lat' dir='ltr'>Deum</span> <span class='ocrx_word' id='word_1_28' title='bbox 957 1174 1153 1242; x_wconf 89' lang='lat' dir='ltr'>aeternum,</span> 
     </span>
     <span class='ocr_line' id='line_1_9' title="bbox 159 1261 1150 1346; baseline -0.011 -8"><span class='ocrx_word' id='word_1_29' title='bbox 159 1266 301 1338; x_wconf 88' lang='lat' dir='ltr'>Patrem</span> <span class='ocrx_word' id='word_1_30' title='bbox 320 1264 468 1336; x_wconf 86' lang='lat' dir='ltr'>Domini</span> <span class='ocrx_word' id='word_1_31' title='bbox 497 1265 612 1335; x_wconf 83' lang='lat' dir='ltr'>nostri</span> <span class='ocrx_word' id='word_1_32' title='bbox 634 1263 714 1335; x_wconf 92' lang='lat' dir='ltr'>lesu</span> <span class='ocrx_word' id='word_1_33' title='bbox 735 1261 890 1346; x_wconf 84' lang='lat' dir='ltr'>Christi,</span> <span class='ocrx_word' id='word_1_34' title='bbox 930 1263 1150 1333; x_wconf 88' lang='lat' dir='ltr'>conditorem</span> 
     </span>
     <span class='ocr_line' id='line_1_10' title="bbox 161 1358 1151 1459; baseline -0.01 -21"><span class='ocrx_word' id='word_1_35' title='bbox 161 1367 299 1459; x_wconf 88' lang='lat' dir='ltr'>generis</span> <span class='ocrx_word' id='word_1_36' title='bbox 322 1362 471 1437; x_wconf 90' lang='lat' dir='ltr'>humani</span> <span class='ocrx_word' id='word_1_37' title='bbox 495 1381 530 1437; x_wconf 91' lang='lat' dir='ltr'>et</span> <span class='ocrx_word' id='word_1_38' title='bbox 549 1362 728 1436; x_wconf 76' lang='lat' dir='ltr'>Ecclesiae</span> <span class='ocrx_word' id='word_1_39' title='bbox 758 1389 841 1436; x_wconf 91' lang='lat' dir='ltr'>snae</span> <span class='ocrx_word' id='word_1_40' title='bbox 869 1389 910 1434; x_wconf 89' lang='lat' dir='ltr'>ac</span> <span class='ocrx_word' id='word_1_41' title='bbox 930 1358 1151 1433; x_wconf 80' lang='lat' dir='ltr'>dilectissimi</span> 
     </span>
     <span class='ocr_line' id='line_1_11' title="bbox 160 1462 1153 1557; baseline -0.007 -17"><span class='ocrx_word' id='word_1_42' title='bbox 160 1469 311 1540; x_wconf 80' lang='lat' dir='ltr'>foederis</span> <span class='ocrx_word' id='word_1_43' title='bbox 324 1467 518 1557; x_wconf 88' lang='lat' dir='ltr'>coniugalis</span> <span class='ocrx_word' id='word_1_44' title='bbox 534 1467 627 1539; x_wconf 89' lang='lat' dir='ltr'>inter</span> <span class='ocrx_word' id='word_1_45' title='bbox 642 1462 804 1537; x_wconf 89' lang='lat' dir='ltr'>homines</span> <span class='ocrx_word' id='word_1_46' title='bbox 819 1462 993 1537; x_wconf 78' lang='lat' dir='ltr'>Amorem</span> <span class='ocrx_word' id='word_1_47' title='bbox 1009 1488 1092 1547; x_wconf 94' lang='lat' dir='ltr'>oro,</span> <span class='ocrx_word' id='word_1_48' title='bbox 1112 1475 1153 1533; x_wconf 91' lang='lat' dir='ltr'>ut</span> 
     </span>
     <span class='ocr_line' id='line_1_12' title="bbox 160 1566 1153 1661; baseline -0.007 -22"><span class='ocrx_word' id='word_1_49' title='bbox 160 1570 335 1661; x_wconf 79' lang='lat' dir='ltr'>gubernet</span> <span class='ocrx_word' id='word_1_50' title='bbox 352 1568 500 1638; x_wconf 91' lang='lat' dir='ltr'>consilia</span> <span class='ocrx_word' id='word_1_51' title='bbox 516 1581 628 1639; x_wconf 91' lang='lat' dir='ltr'>vestra</span> <span class='ocrx_word' id='word_1_52' title='bbox 650 1570 696 1638; x_wconf 90' lang='lat' dir='ltr'>de</span> <span class='ocrx_word' id='word_1_53' title='bbox 720 1581 782 1639; x_wconf 93' lang='lat' dir='ltr'>tuo</span> <span class='ocrx_word' id='word_1_54' title='bbox 806 1567 992 1656; x_wconf 87' lang='lat' dir='ltr'>coniugio,</span> <span class='ocrx_word' id='word_1_55' title='bbox 1014 1566 1153 1658; x_wconf 89' lang='lat' dir='ltr'>tibique</span> 
     </span>
     <span class='ocr_line' id='line_1_13' title="bbox 161 1667 1152 1763; baseline -0.007 -22"><span class='ocrx_word' id='word_1_56' title='bbox 161 1673 263 1741; x_wconf 87' lang='lat' dir='ltr'>adsit.</span> <span class='ocrx_word' id='word_1_57' title='bbox 316 1667 440 1740; x_wconf 90' lang='lat' dir='ltr'>Genus</span> <span class='ocrx_word' id='word_1_58' title='bbox 459 1671 551 1739; x_wconf 88' lang='lat' dir='ltr'>vitae</span> <span class='ocrx_word' id='word_1_59' title='bbox 568 1669 692 1763; x_wconf 90' lang='lat' dir='ltr'>quanti</span> <span class='ocrx_word' id='word_1_60' title='bbox 713 1670 933 1753; x_wconf 84' lang='lat' dir='ltr'>laciendum,</span> <span class='ocrx_word' id='word_1_61' title='bbox 965 1681 999 1737; x_wconf 89' lang='lat' dir='ltr'>et</span> <span class='ocrx_word' id='word_1_62' title='bbox 1020 1678 1152 1759; x_wconf 90' lang='lat' dir='ltr'>quanta</span> 
     </span>
     <span class='ocr_line' id='line_1_14' title="bbox 160 1765 1153 1865; baseline -0.004 -26"><span class='ocrx_word' id='word_1_63' title='bbox 160 1772 290 1865; x_wconf 88' lang='lat' dir='ltr'>pietate</span> <span class='ocrx_word' id='word_1_64' title='bbox 303 1772 545 1841; x_wconf 82' lang='lat' dir='ltr'>venerandum</span> <span class='ocrx_word' id='word_1_65' title='bbox 561 1770 624 1855; x_wconf 90' lang='lat' dir='ltr'>sit,</span> <span class='ocrx_word' id='word_1_66' title='bbox 638 1770 776 1840; x_wconf 85' lang='lat' dir='ltr'>utinam</span> <span class='ocrx_word' id='word_1_67' title='bbox 790 1765 954 1839; x_wconf 90' lang='lat' dir='ltr'>homines</span> <span class='ocrx_word' id='word_1_68' title='bbox 970 1790 1052 1838; x_wconf 82' lang='lat' dir='ltr'>vere</span> <span class='ocrx_word' id='word_1_69' title='bbox 1065 1790 1153 1838; x_wconf 90' lang='lat' dir='ltr'>con·</span> 
     </span>
     <span class='ocr_line' id='line_1_15' title="bbox 162 1867 1154 1945; baseline -0.007 -3"><span class='ocrx_word' id='word_1_70' title='bbox 162 1873 369 1945; x_wconf 90' lang='lat' dir='ltr'>siderarent.</span> <span class='ocrx_word' id='word_1_71' title='bbox 420 1869 501 1941; x_wconf 93' lang='lat' dir='ltr'>Vox</span> <span class='ocrx_word' id='word_1_72' title='bbox 517 1885 569 1942; x_wconf 91' lang='lat' dir='ltr'>est</span> <span class='ocrx_word' id='word_1_73' title='bbox 590 1871 709 1941; x_wconf 88' lang='lat' dir='ltr'>statim</span> <span class='ocrx_word' id='word_1_74' title='bbox 732 1871 836 1940; x_wconf 90' lang='lat' dir='ltr'>initio</span> <span class='ocrx_word' id='word_1_75' title='bbox 857 1871 1033 1941; x_wconf 92' lang='lat' dir='ltr'>librorum</span> <span class='ocrx_word' id='word_1_76' title='bbox 1060 1867 1154 1938; x_wconf 86' lang='lat' dir='ltr'>divi-</span> 
     </span>
     <span class='ocr_line' id='line_1_16' title="bbox 160 1970 1155 2065; baseline -0.007 -21"><span class='ocrx_word' id='word_1_77' title='bbox 160 1997 293 2044; x_wconf 88' lang='lat' dir='ltr'>norum</span> <span class='ocrx_word' id='word_1_78' title='bbox 309 1972 454 2056; x_wconf 85' lang='lat' dir='ltr'>tradita,</span> <span class='ocrx_word' id='word_1_79' title='bbox 478 1993 569 2065; x_wconf 90' lang='lat' dir='ltr'>quae</span> <span class='ocrx_word' id='word_1_80' title='bbox 582 1970 853 2044; x_wconf 78' lang='lat' dir='ltr'>commonefacit</span> <span class='ocrx_word' id='word_1_81' title='bbox 869 1994 935 2041; x_wconf 91' lang='lat' dir='ltr'>nos</span> <span class='ocrx_word' id='word_1_82' title='bbox 959 1972 1003 2039; x_wconf 89' lang='lat' dir='ltr'>de</span> <span class='ocrx_word' id='word_1_83' title='bbox 1024 1970 1155 2042; x_wconf 87' lang='lat' dir='ltr'>volun·</span> 
     </span>
     <span class='ocr_line' id='line_1_17' title="bbox 161 2064 1154 2159; baseline -0.007 -12"><span class='ocrx_word' id='word_1_84' title='bbox 161 2088 232 2147; x_wconf 90' lang='lat' dir='ltr'>tate</span> <span class='ocrx_word' id='word_1_85' title='bbox 245 2070 325 2147; x_wconf 90' lang='lat' dir='ltr'>Dei.</span> <span class='ocrx_word' id='word_1_86' title='bbox 376 2070 476 2145; x_wconf 80' lang='lat' dir='ltr'>Dixit</span> <span class='ocrx_word' id='word_1_87' title='bbox 497 2070 690 2144; x_wconf 83' lang='lat' dir='ltr'>Dominus:</span> <span class='ocrx_word' id='word_1_88' title='bbox 723 2071 806 2143; x_wconf 91' lang='lat' dir='ltr'>Non</span> <span class='ocrx_word' id='word_1_89' title='bbox 828 2085 879 2143; x_wconf 91' lang='lat' dir='ltr'>est</span> <span class='ocrx_word' id='word_1_90' title='bbox 899 2074 1055 2159; x_wconf 88' lang='lat' dir='ltr'>bonum,</span> <span class='ocrx_word' id='word_1_91' title='bbox 1086 2064 1154 2141; x_wconf 91' lang='lat' dir='ltr'>ho-</span> 
     </span>
     <span class='ocr_line' id='line_1_18' title="bbox 160 2170 1154 2266; baseline -0.004 -21"><span class='ocrx_word' id='word_1_92' title='bbox 160 2177 295 2246; x_wconf 90' lang='lat' dir='ltr'>minem</span> <span class='ocrx_word' id='word_1_93' title='bbox 310 2196 384 2243; x_wconf 92' lang='lat' dir='ltr'>esse</span> <span class='ocrx_word' id='word_1_94' title='bbox 398 2174 526 2248; x_wconf 91' lang='lat' dir='ltr'>solum.</span> <span class='ocrx_word' id='word_1_95' title='bbox 575 2170 656 2243; x_wconf 89' lang='lat' dir='ltr'>Hoc</span> <span class='ocrx_word' id='word_1_96' title='bbox 678 2198 759 2246; x_wconf 90' lang='lat' dir='ltr'>cum</span> <span class='ocrx_word' id='word_1_97' title='bbox 783 2174 933 2266; x_wconf 85' lang='lat' dir='ltr'>dixerit,</span> <span class='ocrx_word' id='word_1_98' title='bbox 960 2171 1154 2244; x_wconf 90' lang='lat' dir='ltr'>decreverit</span> 
     </span>
     <span class='ocr_line' id='line_1_19' title="bbox 163 2266 1153 2366; baseline -0.007 -18"><span class='ocrx_word' id='word_1_99' title='bbox 163 2291 197 2349; x_wconf 93' lang='lat' dir='ltr'>et</span> <span class='ocrx_word' id='word_1_100' title='bbox 211 2276 366 2347; x_wconf 82' lang='lat' dir='ltr'>sanxerit</span> <span class='ocrx_word' id='word_1_101' title='bbox 380 2274 496 2359; x_wconf 85' lang='lat' dir='ltr'>Deus,</span> <span class='ocrx_word' id='word_1_102' title='bbox 521 2297 629 2366; x_wconf 91' lang='lat' dir='ltr'>quam</span> <span class='ocrx_word' id='word_1_103' title='bbox 644 2266 831 2347; x_wconf 85' lang='lat' dir='ltr'>horribilis</span> <span class='ocrx_word' id='word_1_104' title='bbox 846 2276 991 2347; x_wconf 88' lang='lat' dir='ltr'>audacia</span> <span class='ocrx_word' id='word_1_105' title='bbox 1008 2288 1077 2360; x_wconf 89' lang='lat' dir='ltr'>est,</span> <span class='ocrx_word' id='word_1_106' title='bbox 1101 2274 1153 2342; x_wconf 89' lang='lat' dir='ltr'>le-</span> 
     </span>
     <span class='ocr_line' id='line_1_20' title="bbox 162 2374 1154 2472; baseline -0.005 -25"><span class='ocrx_word' id='word_1_107' title='bbox 162 2400 241 2468; x_wconf 88' lang='lat' dir='ltr'>gem</span> <span class='ocrx_word' id='word_1_108' title='bbox 257 2374 471 2447; x_wconf 89' lang='lat' dir='ltr'>contrariam</span> <span class='ocrx_word' id='word_1_109' title='bbox 488 2376 581 2445; x_wconf 85' lang='lat' dir='ltr'>ferre</span> <span class='ocrx_word' id='word_1_110' title='bbox 594 2389 658 2447; x_wconf 89' lang='lat' dir='ltr'>ant</span> <span class='ocrx_word' id='word_1_111' title='bbox 679 2375 790 2460; x_wconf 90' lang='lat' dir='ltr'>tueri,</span> <span class='ocrx_word' id='word_1_112' title='bbox 816 2379 914 2472; x_wconf 91' lang='lat' dir='ltr'>quod</span> <span class='ocrx_word' id='word_1_113' title='bbox 934 2400 1031 2447; x_wconf 88' lang='lat' dir='ltr'>nunc</span> <span class='ocrx_word' id='word_1_114' title='bbox 1049 2375 1154 2467; x_wconf 92' lang='lat' dir='ltr'>impii</span> 
     </span>
     <span class='ocr_line' id='line_1_21' title="bbox 162 2475 1154 2573; baseline -0.006 -23"><span class='ocrx_word' id='word_1_115' title='bbox 162 2477 333 2573; x_wconf 91' lang='lat' dir='ltr'>Cyclopes</span> <span class='ocrx_word' id='word_1_116' title='bbox 348 2475 503 2561; x_wconf 83' lang='lat' dir='ltr'>iaciunt,</span> <span class='ocrx_word' id='word_1_117' title='bbox 533 2478 593 2546; x_wconf 89' lang='lat' dir='ltr'>sed</span> <span class='ocrx_word' id='word_1_118' title='bbox 609 2476 730 2546; x_wconf 92' lang='lat' dir='ltr'>Deum</span> <span class='ocrx_word' id='word_1_119' title='bbox 749 2501 909 2563; x_wconf 88' lang='lat' dir='ltr'>oremus,</span> <span class='ocrx_word' id='word_1_120' title='bbox 931 2492 973 2548; x_wconf 89' lang='lat' dir='ltr'>ut</span> <span class='ocrx_word' id='word_1_121' title='bbox 998 2500 1081 2548; x_wconf 90' lang='lat' dir='ltr'>suae</span> <span class='ocrx_word' id='word_1_122' title='bbox 1101 2478 1154 2545; x_wconf 90' lang='lat' dir='ltr'>le-</span> 
     </span>
     <span class='ocr_line' id='line_1_22' title="bbox 162 2573 1154 2672; baseline -0.004 -23"><span class='ocrx_word' id='word_1_123' title='bbox 162 2581 215 2670; x_wconf 88' lang='lat' dir='ltr'>gis</span> <span class='ocrx_word' id='word_1_124' title='bbox 239 2590 390 2648; x_wconf 86' lang='lat' dir='ltr'>assertor</span> <span class='ocrx_word' id='word_1_125' title='bbox 412 2589 448 2647; x_wconf 91' lang='lat' dir='ltr'>et</span> <span class='ocrx_word' id='word_1_126' title='bbox 467 2576 633 2647; x_wconf 79' lang='lat' dir='ltr'>defensor</span> <span class='ocrx_word' id='word_1_127' title='bbox 655 2576 711 2651; x_wconf 87' lang='lat' dir='ltr'>sit.</span> <span class='ocrx_word' id='word_1_128' title='bbox 771 2577 926 2650; x_wconf 89' lang='lat' dir='ltr'>Matrem</span> <span class='ocrx_word' id='word_1_129' title='bbox 944 2573 982 2672; x_wconf 75' lang='lat'>*)</span> <span class='ocrx_word' id='word_1_130' title='bbox 1004 2576 1154 2667; x_wconf 87' lang='lat' dir='ltr'>virginis</span> 
     </span>
     <span class='ocr_line' id='line_1_23' title="bbox 162 2669 1153 2765; baseline -0.003 -15"><span class='ocrx_word' id='word_1_131' title='bbox 162 2681 256 2751; x_wconf 85' lang='lat' dir='ltr'>filiae</span> <span class='ocrx_word' id='word_1_132' title='bbox 279 2680 324 2751; x_wconf 85' lang='lat' dir='ltr'>D.</span> <span class='ocrx_word' id='word_1_133' title='bbox 346 2669 536 2749; x_wconf 78' lang='lat' dir='ltr'>Ostandrt</span> <span class='ocrx_word' id='word_1_134' title='bbox 562 2676 656 2765; x_wconf 84' lang='lat' dir='ltr'>vidi,</span> <span class='ocrx_word' id='word_1_135' title='bbox 693 2680 905 2749; x_wconf 85' lang='lat' dir='ltr'>armemini</span> <span class='ocrx_word' id='word_1_136' title='bbox 926 2681 1001 2750; x_wconf 93' lang='lat' dir='ltr'>eius</span> <span class='ocrx_word' id='word_1_137' title='bbox 1025 2701 1153 2760; x_wconf 89' lang='lat' dir='ltr'>mores,</span> 
     </span>
     <span class='ocr_line' id='line_1_24' title="bbox 163 2778 1153 2878; baseline 0.002 -30"><span class='ocrx_word' id='word_1_138' title='bbox 163 2780 391 2878; x_wconf 75' lang='lat' dir='ltr'>gravitatem,</span> <span class='ocrx_word' id='word_1_139' title='bbox 416 2779 527 2850; x_wconf 89' lang='lat' dir='ltr'>animi</span> <span class='ocrx_word' id='word_1_140' title='bbox 549 2778 848 2867; x_wconf 84' lang='lat' dir='ltr'>moderationem,</span> <span class='ocrx_word' id='word_1_141' title='bbox 873 2783 1059 2875; x_wconf 88' lang='lat' dir='ltr'>pietatem,</span> <span class='ocrx_word' id='word_1_142' title='bbox 1083 2805 1153 2872; x_wconf 91' lang='lat' dir='ltr'>pu·</span> 
     </span>
     <span class='ocr_line' id='line_1_25' title="bbox 162 2879 1153 2980; baseline -0.003 -26"><span class='ocrx_word' id='word_1_143' title='bbox 162 2883 321 2954; x_wconf 90' lang='lat' dir='ltr'>dicitiam</span> <span class='ocrx_word' id='word_1_144' title='bbox 339 2881 443 2951; x_wconf 87' lang='lat' dir='ltr'>valde</span> <span class='ocrx_word' id='word_1_145' title='bbox 463 2881 603 2950; x_wconf 91' lang='lat' dir='ltr'>laudari</span> <span class='ocrx_word' id='word_1_146' title='bbox 623 2881 676 2980; x_wconf 27' lang='lat' dir='ltr'>ab·</span> <span class='ocrx_word' id='word_1_147' title='bbox 691 2883 858 2953; x_wconf 90' lang='lat' dir='ltr'>omnibus</span> <span class='ocrx_word' id='word_1_148' title='bbox 882 2879 1039 2956; x_wconf 85' lang='lat' dir='ltr'>honestis</span> <span class='ocrx_word' id='word_1_149' title='bbox 1056 2881 1153 2951; x_wconf 85' lang='lat' dir='ltr'>Viris</span> 
     </span>
     <span class='ocr_line' id='line_1_26' title="bbox 162 2979 1151 3078; baseline -0.003 -23"><span class='ocrx_word' id='word_1_150' title='bbox 162 3007 202 3055; x_wconf 91' lang='lat' dir='ltr'>ac</span> <span class='ocrx_word' id='word_1_151' title='bbox 219 2982 398 3055; x_wconf 85' lang='lat' dir='ltr'>Matronis</span> <span class='ocrx_word' id='word_1_152' title='bbox 413 2982 452 3051; x_wconf 88' lang='lat' dir='ltr'>in</span> <span class='ocrx_word' id='word_1_153' title='bbox 467 2994 528 3053; x_wconf 84' lang='lat' dir='ltr'>tua</span> <span class='ocrx_word' id='word_1_154' title='bbox 542 2979 673 3052; x_wconf 82' lang='lat' dir='ltr'>Patria.</span> <span class='ocrx_word' id='word_1_155' title='bbox 723 2983 923 3078; x_wconf 84' lang='lat' dir='ltr'>Speroque,</span> <span class='ocrx_word' id='word_1_156' title='bbox 948 2987 1044 3055; x_wconf 88' lang='lat' dir='ltr'>iuxta</span> <span class='ocrx_word' id='word_1_157' title='bbox 1059 2984 1151 3052; x_wconf 86' lang='lat' dir='ltr'>divi-</span> 
     </span>
     <span class='ocr_line' id='line_1_27' title="bbox 160 3084 1153 3178; baseline -0.002 -22"><span class='ocrx_word' id='word_1_158' title='bbox 160 3108 246 3156; x_wconf 90' lang='lat' dir='ltr'>nam</span> <span class='ocrx_word' id='word_1_159' title='bbox 268 3084 540 3178; x_wconf 85' lang='lat' dir='ltr'>promissionem</span> <span class='ocrx_word' id='word_1_160' title='bbox 560 3085 740 3170; x_wconf 86' lang='lat' dir='ltr'>loturum,</span> <span class='ocrx_word' id='word_1_161' title='bbox 774 3100 815 3157; x_wconf 94' lang='lat' dir='ltr'>ut</span> <span class='ocrx_word' id='word_1_162' title='bbox 836 3087 1014 3176; x_wconf 86' lang='lat' dir='ltr'>generatio</span> <span class='ocrx_word' id='word_1_163' title='bbox 1037 3100 1153 3155; x_wconf 90' lang='lat' dir='ltr'>recto-</span> 
     </span>
     <span class='ocr_line' id='line_1_28' title="bbox 162 3185 1152 3279; baseline -0.002 -23"><span class='ocrx_word' id='word_1_164' title='bbox 162 3210 243 3256; x_wconf 85' lang='lat' dir='ltr'>rum</span> <span class='ocrx_word' id='word_1_165' title='bbox 265 3186 512 3270; x_wconf 86' lang='lat' dir='ltr'>benedicatur,</span> <span class='ocrx_word' id='word_1_166' title='bbox 544 3188 640 3279; x_wconf 92' lang='lat' dir='ltr'>quod</span> <span class='ocrx_word' id='word_1_167' title='bbox 664 3185 703 3254; x_wconf 89' lang='lat' dir='ltr'>in</span> <span class='ocrx_word' id='word_1_168' title='bbox 724 3210 827 3256; x_wconf 91' lang='lat' dir='ltr'>versu</span> <span class='ocrx_word' id='word_1_169' title='bbox 853 3190 900 3258; x_wconf 90' lang='lat' dir='ltr'>ita</span> <span class='ocrx_word' id='word_1_170' title='bbox 923 3191 1057 3258; x_wconf 88' lang='lat' dir='ltr'>dictum</span> <span class='ocrx_word' id='word_1_171' title='bbox 1082 3199 1152 3255; x_wconf 89' lang='lat' dir='ltr'>est:</span> 
     </span>
     <span class='ocr_line' id='line_1_29' title="bbox 97 3281 1153 3387; baseline -0.001 -27"><span class='ocrx_word' id='word_1_172' title='bbox 97 3357 99 3360; x_wconf 20' lang='lat'><strong>⁴</strong></span> <span class='ocrx_word' id='word_1_173' title='bbox 164 3283 349 3379; x_wconf 77' lang='grc' dir='ltr'>εὐσεβέων</span> <span class='ocrx_word' id='word_1_174' title='bbox 376 3281 548 3358; x_wconf 76' lang='grc' dir='ltr'><strong>παίδεσσι</strong></span> <span class='ocrx_word' id='word_1_175' title='bbox 578 3281 627 3358; x_wconf 79' lang='grc' dir='ltr'>τὰ</span> <span class='ocrx_word' id='word_1_176' title='bbox 657 3283 771 3378; x_wconf 72' lang='lat' dir='ltr'>toria,</span> <span class='ocrx_word' id='word_1_177' title='bbox 804 3284 1020 3387; x_wconf 72' lang='grc' dir='ltr'><strong>δυσσεβίων</strong></span> <span class='ocrx_word' id='word_1_178' title='bbox 1053 3283 1153 3361; x_wconf 74' lang='grc' dir='ltr'><strong>δὀὐ.</strong></span> 
     </span>
     <span class='ocr_line' id='line_1_30' title="bbox 161 3383 813 3471; baseline 0.005 -15"><span class='ocrx_word' id='word_1_179' title='bbox 161 3383 260 3456; x_wconf 89' lang='lat' dir='ltr'>Bene</span> <span class='ocrx_word' id='word_1_180' title='bbox 274 3386 372 3471; x_wconf 73' lang='lat' dir='ltr'>vale,</span> <span class='ocrx_word' id='word_1_181' title='bbox 395 3399 430 3458; x_wconf 92' lang='lat' dir='ltr'>et</span> <span class='ocrx_word' id='word_1_182' title='bbox 444 3386 609 3465; x_wconf 84' lang='lat' dir='ltr'>rescribe.</span> <span class='ocrx_word' id='word_1_183' title='bbox 661 3388 720 3460; x_wconf 86' lang='grc'>18.</span> <span class='ocrx_word' id='word_1_184' title='bbox 738 3386 813 3467; x_wconf 91' lang='lat' dir='ltr'>lan.</span> 
     </span>
    </p>
   </div>
   <div class='ocr_carea' id='block_1_6' title="bbox 902 3515 1103 3614">
    <p class='ocr_par' dir='ltr' id='par_1_6' title="bbox 902 3515 1103 3614">
     <span class='ocr_line' id='line_1_31' title="bbox 902 3515 1103 3614; baseline 0.03 -25"><span class='ocrx_word' id='word_1_185' title='bbox 902 3515 1103 3614; x_wconf 88' lang='lat' dir='ltr'>Philippus.</span> 
     </span>
    </p>
   </div>
   <div class='ocr_carea' id='block_1_7' title="bbox 160 3909 358 3988">
    <p class='ocr_par' dir='ltr' id='par_1_7' title="bbox 160 3909 358 3988">
     <span class='ocr_line' id='line_1_32' title="bbox 160 3909 358 3988; baseline 0.015 -3"><span class='ocrx_word' id='word_1_186' title='bbox 160 3909 228 3985; x_wconf 79' lang='lat' dir='ltr'>No.</span> <span class='ocrx_word' id='word_1_187' title='bbox 245 3910 358 3988; x_wconf 74' lang='lat'>4151.</span> 
     </span>
    </p>
   </div>
   <div class='ocr_carea' id='block_1_8' title="bbox 170 4008 343 4040">
    <p class='ocr_par' dir='ltr' id='par_1_8' title="bbox 170 4008 343 4040">
     <span class='ocr_line' id='line_1_33' title="bbox 170 4008 343 4040; baseline 0 0"><span class='ocrx_word' id='word_1_188' title='bbox 170 4008 343 4040; x_wconf 57' lang='grc' dir='ltr'><strong><em>Μ</em></strong></span> 
     </span>
    </p>
   </div>
   <div class='ocr_carea' id='block_1_9' title="bbox 1005 3913 1146 3988">
    <p class='ocr_par' dir='ltr' id='par_1_9' title="bbox 1005 3913 1146 3988">
     <span class='ocr_line' id='line_1_34' title="bbox 1005 3913 1146 3988; baseline 0.014 -4"><span class='ocrx_word' id='word_1_189' title='bbox 1005 3913 1064 3988; x_wconf 88' lang='grc'>19.</span> <span class='ocrx_word' id='word_1_190' title='bbox 1082 3916 1146 3986; x_wconf 80' lang='lat' dir='ltr'>lan.</span> 
     </span>
    </p>
   </div>
   <div class='ocr_carea' id='block_1_10' title="bbox 991 4012 1153 4038">
    <p class='ocr_par' dir='ltr' id='par_1_10' title="bbox 991 4012 1153 4038">
     <span class='ocr_line' id='line_1_35' title="bbox 991 4012 1153 4038; baseline 0.006 -1"><span class='ocrx_word' id='word_1_191' title='bbox 991 4012 1153 4038; x_wconf 48' lang='lat' dir='ltr'>m</span> 
     </span>
    </p>
   </div>
   <div class='ocr_carea' id='block_1_11' title="bbox 134 4115 804 4366">
    <p class='ocr_par' dir='ltr' id='par_1_11' title="bbox 134 4115 804 4366">
     <span class='ocr_line' id='line_1_36' title="bbox 509 4115 804 4209; baseline 0.007 -10"><span class='ocrx_word' id='word_1_192' title='bbox 509 4115 804 4209; x_wconf 80' lang='lat' dir='ltr'>Academicis.</span> 
     </span>
     <span class='ocr_line' id='line_1_37' title="bbox 134 4237 627 4366; baseline 0.006 -19"><span class='ocrx_word' id='word_1_193' title='bbox 134 4237 148 4292; x_wconf 33' lang='lat' dir='ltr'>&#39;x</span> <span class='ocrx_word' id='word_1_194' title='bbox 233 4293 340 4366; x_wconf 79' lang='lat' dir='ltr'>Scripta</span> <span class='ocrx_word' id='word_1_195' title='bbox 353 4292 431 4366; x_wconf 87' lang='lat' dir='ltr'>publ.</span> <span class='ocrx_word' id='word_1_196' title='bbox 444 4291 480 4349; x_wconf 86' lang='lat' dir='ltr'>T.</span> <span class='ocrx_word' id='word_1_197' title='bbox 492 4292 514 4350; x_wconf 90' lang='lat' dir='ltr'>l.</span> <span class='ocrx_word' id='word_1_198' title='bbox 525 4310 553 4366; x_wconf 88' lang='lat' dir='ltr'>p.</span> <span class='ocrx_word' id='word_1_199' title='bbox 564 4294 627 4350; x_wconf 63' lang='lat' dir='ltr'>im.</span> 
     </span>
    </p>
   </div>
   <div class='ocr_carea' id='block_1_12' title="bbox 198 4440 1122 4628">
    <p class='ocr_par' dir='ltr' id='par_1_12' title="bbox 198 4440 1122 4628">
     <span class='ocr_line' id='line_1_38' title="bbox 198 4440 1122 4624; baseline 0.003 -104"><span class='ocrx_word' id='word_1_200' title='bbox 198 4445 376 4521; x_wconf 75' lang='lat' dir='ltr'>Decorus</span> <span class='ocrx_word' id='word_1_201' title='bbox 395 4440 563 4624; x_wconf 64' lang='grc' dir='ltr'><strong>0011ιῇ</strong></span> <span class='ocrx_word' id='word_1_202' title='bbox 579 4442 838 4622; x_wconf 51' lang='lat' dir='ltr'>Il²hiquppquici</span> <span class='ocrx_word' id='word_1_203' title='bbox 865 4443 958 4520; x_wconf 81' lang='lat' dir='ltr'>Phi</span> <span class='ocrx_word' id='word_1_204' title='bbox 963 4447 981 4522; x_wconf 84' lang='lat' dir='ltr'><em>l</em></span> <span class='ocrx_word' id='word_1_205' title='bbox 986 4452 1003 4522; x_wconf 90' lang='lat' dir='ltr'>i</span> <span class='ocrx_word' id='word_1_206' title='bbox 1005 4476 1122 4553; x_wconf 84' lang='lat' dir='ltr'>ppos</span> 
     </span>
     <span class='ocr_line' id='line_1_39' title="bbox 562 4576 803 4628; baseline -0.012 -5"><span class='ocrx_word' id='word_1_207' title='bbox 562 4576 577 4623; x_wconf 83' lang='grc' dir='ltr'><strong>ι</strong></span> <span class='ocrx_word' id='word_1_208' title='bbox 612 4577 670 4623; x_wconf 82' lang='lat' dir='ltr'>oo</span> <span class='ocrx_word' id='word_1_209' title='bbox 736 4576 757 4621; x_wconf 92' lang='lat' dir='ltr'>o</span> <span class='ocrx_word' id='word_1_210' title='bbox 792 4603 803 4628; x_wconf 90' lang='lat'>.</span> 
     </span>
    </p>
   </div>
   <div class='ocr_carea' id='block_1_13' title="bbox 164 4683 1155 5198">
    <p class='ocr_par' dir='ltr' id='par_1_13' title="bbox 164 4683 1155 5198">
     <span class='ocr_line' id='line_1_40' title="bbox 164 4683 1154 4792; baseline 0.001 -19"><span class='ocrx_word' id='word_1_211' title='bbox 164 4683 281 4786; x_wconf 77' lang='lat' dir='ltr'>Cras,</span> <span class='ocrx_word' id='word_1_212' title='bbox 303 4697 380 4770; x_wconf 91' lang='lat' dir='ltr'>Deo</span> <span class='ocrx_word' id='word_1_213' title='bbox 402 4700 563 4787; x_wconf 89' lang='lat' dir='ltr'>iuvante,</span> <span class='ocrx_word' id='word_1_214' title='bbox 588 4701 627 4770; x_wconf 90' lang='lat' dir='ltr'>in</span> <span class='ocrx_word' id='word_1_215' title='bbox 650 4698 794 4792; x_wconf 90' lang='lat' dir='ltr'>publico</span> <span class='ocrx_word' id='word_1_216' title='bbox 818 4698 979 4771; x_wconf 83' lang='lat' dir='ltr'>examine</span> <span class='ocrx_word' id='word_1_217' title='bbox 1000 4701 1154 4774; x_wconf 88' lang='lat' dir='ltr'>eruditio</span> 
     </span>
     <span class='ocr_line' id='line_1_41' title="bbox 165 4799 1155 4896; baseline 0.004 -25"><span class='ocrx_word' id='word_1_218' title='bbox 165 4824 309 4882; x_wconf 90' lang='lat' dir='ltr'>eornm,</span> <span class='ocrx_word' id='word_1_219' title='bbox 336 4799 507 4895; x_wconf 88' lang='lat' dir='ltr'>quinunc</span> <span class='ocrx_word' id='word_1_220' title='bbox 524 4801 768 4881; x_wconf 84' lang='lat' dir='ltr'>testimonium</span> <span class='ocrx_word' id='word_1_221' title='bbox 780 4802 826 4872; x_wconf 92' lang='lat' dir='ltr'>de</span> <span class='ocrx_word' id='word_1_222' title='bbox 847 4801 974 4875; x_wconf 88' lang='lat' dir='ltr'>studiis</span> <span class='ocrx_word' id='word_1_223' title='bbox 994 4803 1068 4873; x_wconf 90' lang='lat' dir='ltr'>suis</span> <span class='ocrx_word' id='word_1_224' title='bbox 1091 4829 1155 4896; x_wconf 91' lang='lat' dir='ltr'>pe-</span> 
     </span>
     <span class='ocr_line' id='line_1_42' title="bbox 165 4899 1154 4999; baseline 0.004 -25"><span class='ocrx_word' id='word_1_225' title='bbox 165 4916 265 4999; x_wconf 85' lang='lat' dir='ltr'>tunt,</span> <span class='ocrx_word' id='word_1_226' title='bbox 288 4900 542 4994; x_wconf 85' lang='lat' dir='ltr'>explorabitur.</span> <span class='ocrx_word' id='word_1_227' title='bbox 592 4899 684 4974; x_wconf 88' lang='lat' dir='ltr'>Cum</span> <span class='ocrx_word' id='word_1_228' title='bbox 709 4915 828 4975; x_wconf 85' lang='lat' dir='ltr'>autern</span> <span class='ocrx_word' id='word_1_229' title='bbox 849 4901 1024 4993; x_wconf 87' lang='lat' dir='ltr'>inspicere</span> <span class='ocrx_word' id='word_1_230' title='bbox 1037 4907 1154 4978; x_wconf 85' lang='lat' dir='ltr'>studia</span> 
     </span>
     <span class='ocr_line' id='line_1_43' title="bbox 164 4997 1154 5100; baseline 0.004 -25"><span class='ocrx_word' id='word_1_231' title='bbox 164 5004 360 5075; x_wconf 89' lang='lat' dir='ltr'>iuventutis</span> <span class='ocrx_word' id='word_1_232' title='bbox 373 4997 662 5074; x_wconf 86' lang='lat' dir='ltr'>honestissimum</span> <span class='ocrx_word' id='word_1_233' title='bbox 676 5003 737 5076; x_wconf 90' lang='lat' dir='ltr'>sit:</span> <span class='ocrx_word' id='word_1_234' title='bbox 764 5027 829 5074; x_wconf 92' lang='lat' dir='ltr'>oro</span> <span class='ocrx_word' id='word_1_235' title='bbox 844 5016 880 5077; x_wconf 89' lang='lat' dir='ltr'>et</span> <span class='ocrx_word' id='word_1_236' title='bbox 898 5004 998 5090; x_wconf 82' lang='lat' dir='ltr'>illos,</span> <span class='ocrx_word' id='word_1_237' title='bbox 1023 5007 1154 5100; x_wconf 90' lang='lat' dir='ltr'>quibus</span> 
     </span>
     <span class='ocr_line' id='line_1_44' title="bbox 164 5103 1153 5198; baseline 0.007 -24"><span class='ocrx_word' id='word_1_238' title='bbox 164 5104 372 5197; x_wconf 72' lang='lat' dir='ltr'>gubernatio</span> <span class='ocrx_word' id='word_1_239' title='bbox 393 5103 593 5176; x_wconf 89' lang='lat' dir='ltr'>studiorum</span> <span class='ocrx_word' id='word_1_240' title='bbox 616 5107 860 5179; x_wconf 86' lang='lat' dir='ltr'>commendate</span> <span class='ocrx_word' id='word_1_241' title='bbox 880 5117 951 5190; x_wconf 85' lang='lat' dir='ltr'>est,</span> <span class='ocrx_word' id='word_1_242' title='bbox 981 5119 1017 5198; x_wconf 86' lang='lat' dir='ltr'>et</span> <span class='ocrx_word' id='word_1_243' title='bbox 1039 5123 1153 5182; x_wconf 87' lang='lat' dir='ltr'>caete-</span> 
     </span>
    </p>
   </div>
   <div class='ocr_carea' id='block_1_14' title="bbox 193 5357 531 5449">
    <p class='ocr_par' dir='ltr' id='par_1_14' title="bbox 193 5357 531 5449">
     <span class='ocr_line' id='line_1_45' title="bbox 193 5357 531 5449; baseline -0.009 -32"><span class='ocrx_word' id='word_1_244' title='bbox 193 5357 225 5428; x_wconf 61' lang='grc' dir='ltr'>ι1)</span> <span class='ocrx_word' id='word_1_245' title='bbox 242 5360 353 5416; x_wconf 82' lang='lat' dir='ltr'>Mortua</span> <span class='ocrx_word' id='word_1_246' title='bbox 367 5377 439 5415; x_wconf 81' lang='lat' dir='ltr'>anno</span> <span class='ocrx_word' id='word_1_247' title='bbox 455 5357 531 5449; x_wconf 76' lang='grc'><strong>1517.</strong></span> 
     </span>
    </p>
   </div>
   <div class='ocr_carea' id='block_1_15' title="bbox 730 192 1612 286">
    <p class='ocr_par' dir='ltr' id='par_1_15' title="bbox 730 192 1612 286">
     <span class='ocr_line' id='line_1_46' title="bbox 730 192 1612 286; baseline -0.014 0"><span class='ocrx_word' id='word_1_248' title='bbox 730 197 1168 286; x_wconf 65' lang='lat' dir='ltr'>ammonianus</span> <span class='ocrx_word' id='word_1_249' title='bbox 1217 194 1327 278; x_wconf 79' lang='lat' dir='ltr'>mn.</span> <span class='ocrx_word' id='word_1_250' title='bbox 1356 196 1423 278; x_wconf 84' lang='lat' dir='ltr'>XI.</span> <span class='ocrx_word' id='word_1_251' title='bbox 1477 192 1612 274; x_wconf 81' lang='lat' dir='ltr'>rste.</span> 
     </span>
    </p>
   </div>
   <div class='ocr_carea' id='block_1_16' title="bbox 865 302 2249 473">
    <p class='ocr_par' dir='ltr' id='par_1_16' title="bbox 865 302 2249 473">
     <span class='ocr_line' id='line_1_47' title="bbox 865 302 2249 473; baseline -0.013 -15"><span class='ocrx_word' id='word_1_252' title='bbox 865 393 921 458; x_wconf 87' lang='lat'>18.</span> <span class='ocrx_word' id='word_1_253' title='bbox 936 382 1066 467; x_wconf 76' lang='lat' dir='ltr'>lan.(h.</span> <span class='ocrx_word' id='word_1_254' title='bbox 1081 381 1149 464; x_wconf 71' lang='lat' dir='ltr'>ct)</span> <span class='ocrx_word' id='word_1_255' title='bbox 1180 390 1278 452; x_wconf 86' lang='lat' dir='ltr'>ros,</span> <span class='ocrx_word' id='word_1_256' title='bbox 1303 369 1367 473; x_wconf 86' lang='lat' dir='ltr'>qui</span> <span class='ocrx_word' id='word_1_257' title='bbox 1392 364 1663 463; x_wconf 83' lang='lat' dir='ltr'>Philosophiam</span> <span class='ocrx_word' id='word_1_258' title='bbox 1687 381 1826 456; x_wconf 86' lang='lat' dir='ltr'>amant,</span> <span class='ocrx_word' id='word_1_259' title='bbox 1857 380 1899 442; x_wconf 92' lang='lat' dir='ltr'>ut</span> <span class='ocrx_word' id='word_1_260' title='bbox 1920 368 1970 439; x_wconf 91' lang='lat' dir='ltr'>ad</span> <span class='ocrx_word' id='word_1_261' title='bbox 1993 365 2039 441; x_wconf 85' lang='lat' dir='ltr'>id</span> <span class='ocrx_word' id='word_1_262' title='bbox 2062 390 2210 441; x_wconf 81' lang='lat' dir='ltr'>examen</span> <span class='ocrx_word' id='word_1_263' title='bbox 2247 302 2249 413; x_wconf 68' lang='grc'><strong>1</strong></span> 
     </span>
    </p>
   </div>
   <div class='ocr_carea' id='block_1_17' title="bbox 2136 192 2209 269">
    <p class='ocr_par' dir='ltr' id='par_1_17' title="bbox 2136 192 2209 269">
     <span class='ocr_line' id='line_1_48' title="bbox 2136 192 2209 269; baseline 0.055 -3"><span class='ocrx_word' id='word_1_264' title='bbox 2136 192 2209 269; x_wconf 77' lang='grc'>788</span> 
     </span>
    </p>
   </div>
   <div class='ocr_carea' id='block_1_18' title="bbox 1199 465 2211 1874">
    <p class='ocr_par' dir='ltr' id='par_1_18' title="bbox 1199 465 2211 1553">
     <span class='ocr_line' id='line_1_49' title="bbox 1199 465 2210 566; baseline 0.006 -28"><span class='ocrx_word' id='word_1_265' title='bbox 1199 470 1382 551; x_wconf 54' lang='grc' dir='ltr'><strong>νιιιίεηι,</strong></span> <span class='ocrx_word' id='word_1_266' title='bbox 1415 467 1495 542; x_wconf 89' lang='lat' dir='ltr'>Etsi</span> <span class='ocrx_word' id='word_1_267' title='bbox 1527 486 1646 543; x_wconf 84' lang='lat' dir='ltr'>autem</span> <span class='ocrx_word' id='word_1_268' title='bbox 1676 465 1719 542; x_wconf 91' lang='lat' dir='ltr'>hi</span> <span class='ocrx_word' id='word_1_269' title='bbox 1751 493 1957 560; x_wconf 88' lang='lat' dir='ltr'>congressus</span> <span class='ocrx_word' id='word_1_270' title='bbox 1992 470 2210 566; x_wconf 86' lang='lat' dir='ltr'>tranquillis</span> 
     </span>
     <span class='ocr_line' id='line_1_50' title="bbox 1201 570 2211 664; baseline 0.003 -21"><span class='ocrx_word' id='word_1_271' title='bbox 1201 570 1421 664; x_wconf 88' lang='lat' dir='ltr'>temporibus</span> <span class='ocrx_word' id='word_1_272' title='bbox 1441 572 1670 643; x_wconf 85' lang='lat' dir='ltr'>iucundiores</span> <span class='ocrx_word' id='word_1_273' title='bbox 1693 578 1792 644; x_wconf 84' lang='lat' dir='ltr'>suut:¹</span> <span class='ocrx_word' id='word_1_274' title='bbox 1831 584 1973 656; x_wconf 88' lang='lat' dir='ltr'>tamen,</span> <span class='ocrx_word' id='word_1_275' title='bbox 2010 595 2103 642; x_wconf 85' lang='lat' dir='ltr'>cum</span> <span class='ocrx_word' id='word_1_276' title='bbox 2127 575 2211 646; x_wconf 82' lang='lat' dir='ltr'>scie·</span> 
     </span>
     <span class='ocr_line' id='line_1_51' title="bbox 1199 671 2209 762; baseline 0.003 -19"><span class='ocrx_word' id='word_1_277' title='bbox 1199 697 1297 760; x_wconf 90' lang='lat' dir='ltr'>mus,</span> <span class='ocrx_word' id='word_1_278' title='bbox 1332 671 1526 743; x_wconf 87' lang='lat' dir='ltr'>Ecclesiam</span> <span class='ocrx_word' id='word_1_279' title='bbox 1546 673 1617 745; x_wconf 91' lang='lat' dir='ltr'>Dei</span> <span class='ocrx_word' id='word_1_280' title='bbox 1645 699 1720 745; x_wconf 90' lang='lat' dir='ltr'>non</span> <span class='ocrx_word' id='word_1_281' title='bbox 1747 675 1977 755; x_wconf 81' lang='lat' dir='ltr'>interituram</span> <span class='ocrx_word' id='word_1_282' title='bbox 2002 696 2108 762; x_wconf 86' lang='lat' dir='ltr'>esse,</span> <span class='ocrx_word' id='word_1_283' title='bbox 2141 699 2209 747; x_wconf 90' lang='lat' dir='ltr'>non</span> 
     </span>
     <span class='ocr_line' id='line_1_52' title="bbox 1201 773 2210 866; baseline 0.006 -22"><span class='ocrx_word' id='word_1_284' title='bbox 1201 788 1282 845; x_wconf 89' lang='lat' dir='ltr'>sunt</span> <span class='ocrx_word' id='word_1_285' title='bbox 1306 773 1469 844; x_wconf 89' lang='lat' dir='ltr'>exercitia</span> <span class='ocrx_word' id='word_1_286' title='bbox 1490 776 1672 845; x_wconf 88' lang='lat' dir='ltr'>doctrinae</span> <span class='ocrx_word' id='word_1_287' title='bbox 1696 798 1842 866; x_wconf 87' lang='lat' dir='ltr'>prorsus</span> <span class='ocrx_word' id='word_1_288' title='bbox 1873 775 2100 851; x_wconf 89' lang='lat' dir='ltr'>omittenda.</span> <span class='ocrx_word' id='word_1_289' title='bbox 2164 774 2210 850; x_wconf 88' lang='lat' dir='ltr'>Et</span> 
     </span>
     <span class='ocr_line' id='line_1_53' title="bbox 1200 876 2207 968; baseline 0.004 -22"><span class='ocrx_word' id='word_1_290' title='bbox 1200 877 1319 968; x_wconf 88' lang='lat' dir='ltr'>aliqua</span> <span class='ocrx_word' id='word_1_291' title='bbox 1335 877 1500 946; x_wconf 88' lang='lat' dir='ltr'>dolorum</span> <span class='ocrx_word' id='word_1_292' title='bbox 1526 876 1654 946; x_wconf 88' lang='lat' dir='ltr'>levatio</span> <span class='ocrx_word' id='word_1_293' title='bbox 1677 891 1729 946; x_wconf 92' lang='lat' dir='ltr'>est</span> <span class='ocrx_word' id='word_1_294' title='bbox 1752 877 1981 947; x_wconf 88' lang='lat' dir='ltr'>eruditorum</span> <span class='ocrx_word' id='word_1_295' title='bbox 1996 900 2207 950; x_wconf 86' lang='lat' dir='ltr'>sermonum</span> 
     </span>
     <span class='ocr_line' id='line_1_54' title="bbox 1201 976 2207 1072; baseline 0.006 -26"><span class='ocrx_word' id='word_1_296' title='bbox 1201 977 1368 1047; x_wconf 90' lang='lat' dir='ltr'>derebus</span> <span class='ocrx_word' id='word_1_297' title='bbox 1388 977 1532 1069; x_wconf 88' lang='lat' dir='ltr'>optimis</span> <span class='ocrx_word' id='word_1_298' title='bbox 1552 976 1840 1048; x_wconf 85' lang='lat' dir='ltr'>communicatio:</span> <span class='ocrx_word' id='word_1_299' title='bbox 1864 978 2031 1071; x_wconf 87' lang='lat' dir='ltr'>quamsi</span> <span class='ocrx_word' id='word_1_300' title='bbox 2048 981 2134 1072; x_wconf 84' lang='lat' dir='ltr'>quis</span> <span class='ocrx_word' id='word_1_301' title='bbox 2150 1003 2207 1052; x_wconf 87' lang='lat' dir='ltr'>sus</span> 
     </span>
     <span class='ocr_line' id='line_1_55' title="bbox 1202 1079 2207 1169; baseline 0.005 -22"><span class='ocrx_word' id='word_1_302' title='bbox 1202 1100 1304 1147; x_wconf 89' lang='lat' dir='ltr'>causa</span> <span class='ocrx_word' id='word_1_303' title='bbox 1329 1102 1404 1148; x_wconf 90' lang='lat' dir='ltr'>nou</span> <span class='ocrx_word' id='word_1_304' title='bbox 1429 1079 1573 1169; x_wconf 84' lang='lat' dir='ltr'>expetit:</span> <span class='ocrx_word' id='word_1_305' title='bbox 1608 1091 1724 1148; x_wconf 87' lang='lat' dir='ltr'>tamen</span> <span class='ocrx_word' id='word_1_306' title='bbox 1750 1080 1862 1148; x_wconf 90' lang='lat' dir='ltr'>virtus</span> <span class='ocrx_word' id='word_1_307' title='bbox 1891 1091 1969 1166; x_wconf 91' lang='lat' dir='ltr'>est,</span> <span class='ocrx_word' id='word_1_308' title='bbox 2011 1082 2110 1152; x_wconf 82' lang='lat' dir='ltr'>velle</span> <span class='ocrx_word' id='word_1_309' title='bbox 2133 1084 2207 1153; x_wconf 86' lang='lat' dir='ltr'>aliis</span> 
     </span>
     <span class='ocr_line' id='line_1_56' title="bbox 1202 1175 2208 1275; baseline 0.009 -28"><span class='ocrx_word' id='word_1_310' title='bbox 1202 1175 1270 1248; x_wconf 95' lang='lat' dir='ltr'>hoc</span> <span class='ocrx_word' id='word_1_311' title='bbox 1290 1179 1398 1250; x_wconf 84' lang='lat' dir='ltr'>officii</span> <span class='ocrx_word' id='word_1_312' title='bbox 1418 1202 1544 1267; x_wconf 79' lang='lat' dir='ltr'>genere</span> <span class='ocrx_word' id='word_1_313' title='bbox 1567 1180 1681 1248; x_wconf 91' lang='lat' dir='ltr'>lenire</span> <span class='ocrx_word' id='word_1_314' title='bbox 1703 1180 1930 1250; x_wconf 90' lang='lat' dir='ltr'>moestitiam.</span> <span class='ocrx_word' id='word_1_315' title='bbox 1986 1178 2208 1275; x_wconf 83' lang='lat' dir='ltr'>Conspectus</span> 
     </span>
     <span class='ocr_line' id='line_1_57' title="bbox 1203 1280 2204 1374; baseline 0.004 -24"><span class='ocrx_word' id='word_1_316' title='bbox 1203 1280 1298 1350; x_wconf 92' lang='lat' dir='ltr'>enim</span> <span class='ocrx_word' id='word_1_317' title='bbox 1313 1293 1348 1351; x_wconf 91' lang='lat' dir='ltr'>et</span> <span class='ocrx_word' id='word_1_318' title='bbox 1360 1281 1473 1351; x_wconf 90' lang='lat' dir='ltr'>oratio</span> <span class='ocrx_word' id='word_1_319' title='bbox 1490 1305 1632 1365; x_wconf 87' lang='lat' dir='ltr'>eorum,</span> <span class='ocrx_word' id='word_1_320' title='bbox 1658 1305 1810 1374; x_wconf 88' lang='lat' dir='ltr'>quorum</span> <span class='ocrx_word' id='word_1_321' title='bbox 1822 1281 1959 1350; x_wconf 90' lang='lat' dir='ltr'>similis</span> <span class='ocrx_word' id='word_1_322' title='bbox 1976 1295 2024 1352; x_wconf 90' lang='lat' dir='ltr'>est</span> <span class='ocrx_word' id='word_1_323' title='bbox 2041 1283 2204 1371; x_wconf 83' lang='lat' dir='ltr'>fortuna,</span> 
     </span>
     <span class='ocr_line' id='line_1_58' title="bbox 1202 1381 2201 1474; baseline 0.005 -23"><span class='ocrx_word' id='word_1_324' title='bbox 1202 1381 1322 1474; x_wconf 89' lang='lat' dir='ltr'>aliqua</span> <span class='ocrx_word' id='word_1_325' title='bbox 1336 1394 1387 1451; x_wconf 90' lang='lat' dir='ltr'>est</span> <span class='ocrx_word' id='word_1_326' title='bbox 1402 1382 1531 1452; x_wconf 89' lang='lat' dir='ltr'>levatio</span> <span class='ocrx_word' id='word_1_327' title='bbox 1548 1383 1735 1470; x_wconf 90' lang='lat' dir='ltr'>dolorum,</span> <span class='ocrx_word' id='word_1_328' title='bbox 1756 1395 1799 1452; x_wconf 91' lang='lat' dir='ltr'>ut</span> <span class='ocrx_word' id='word_1_329' title='bbox 1819 1381 1858 1451; x_wconf 93' lang='lat' dir='ltr'>in</span> <span class='ocrx_word' id='word_1_330' title='bbox 1880 1381 2093 1454; x_wconf 87' lang='lat' dir='ltr'>dulcissimis</span> <span class='ocrx_word' id='word_1_331' title='bbox 2114 1409 2201 1456; x_wconf 87' lang='lat' dir='ltr'>ver-</span> 
     </span>
     <span class='ocr_line' id='line_1_59' title="bbox 1200 1481 1468 1553; baseline -0.007 -1"><span class='ocrx_word' id='word_1_332' title='bbox 1200 1482 1299 1553; x_wconf 89' lang='lat' dir='ltr'>sibus</span> <span class='ocrx_word' id='word_1_333' title='bbox 1318 1481 1468 1552; x_wconf 89' lang='lat' dir='ltr'>dicitnr:</span> 
     </span>
    </p>

    <p class='ocr_par' dir='ltr' id='par_1_19' title="bbox 1372 1605 2035 1698">
     <span class='ocr_line' id='line_1_60' title="bbox 1372 1605 2035 1698; baseline 0 -20"><span class='ocrx_word' id='word_1_334' title='bbox 1372 1615 1404 1678; x_wconf 88' lang='grc' dir='ltr'>Γ</span> <span class='ocrx_word' id='word_1_335' title='bbox 1399 1611 1479 1695; x_wconf 75' lang='lat' dir='ltr'>iprae</span> <span class='ocrx_word' id='word_1_336' title='bbox 1498 1605 1619 1697; x_wconf 73' lang='lat' dir='ltr'>prodere</span> <span class='ocrx_word' id='word_1_337' title='bbox 1638 1615 1781 1696; x_wconf 59' lang='lat' dir='ltr'>ysena:</span> <span class='ocrx_word' id='word_1_338' title='bbox 1800 1608 1935 1695; x_wconf 73' lang='grc' dir='ltr'>ἡδίστην</span> <span class='ocrx_word' id='word_1_339' title='bbox 1958 1609 2035 1698; x_wconf 61' lang='grc' dir='ltr'><strong>ἔχει,</strong></span> 
     </span>
    </p>

    <p class='ocr_par' dir='ltr' id='par_1_20' title="bbox 1287 1692 2067 1874">
     <span class='ocr_line' id='line_1_61' title="bbox 1287 1692 2036 1782; baseline -0.001 -20"><span class='ocrx_word' id='word_1_340' title='bbox 1287 1697 1372 1775; x_wconf 72' lang='grc' dir='ltr'>Παῖς</span> <span class='ocrx_word' id='word_1_341' title='bbox 1392 1698 1497 1780; x_wconf 79' lang='grc' dir='ltr'><strong>παιδὶ,</strong></span> <span class='ocrx_word' id='word_1_342' title='bbox 1518 1697 1569 1759; x_wconf 80' lang='lat' dir='ltr'>sol</span> <span class='ocrx_word' id='word_1_343' title='bbox 1590 1699 1707 1778; x_wconf 71' lang='grc' dir='ltr'><strong>γυναικὶ</strong></span> <span class='ocrx_word' id='word_1_344' title='bbox 1728 1692 1911 1782; x_wconf 76' lang='grc' dir='ltr'><strong><em>πρόσφορον</em></strong></span> <span class='ocrx_word' id='word_1_345' title='bbox 1936 1696 2036 1782; x_wconf 72' lang='grc' dir='ltr'><strong><em>γυνή,</em></strong></span> 
     </span>
     <span class='ocr_line' id='line_1_62' title="bbox 1370 1777 2067 1874; baseline 0.007 -30"><span class='ocrx_word' id='word_1_346' title='bbox 1370 1779 1513 1847; x_wconf 77' lang='grc' dir='ltr'><em>Νοσῶντ’</em></span> <span class='ocrx_word' id='word_1_347' title='bbox 1536 1777 1618 1865; x_wconf 73' lang='grc' dir='ltr'>ἀνὴρ</span> <span class='ocrx_word' id='word_1_348' title='bbox 1639 1779 1800 1865; x_wconf 68' lang='lat' dir='ltr'>corcaien,</span> <span class='ocrx_word' id='word_1_349' title='bbox 1821 1784 1871 1844; x_wconf 81' lang='lat' dir='ltr'>:sol</span> <span class='ocrx_word' id='word_1_350' title='bbox 1893 1781 2067 1874; x_wconf 65' lang='grc' dir='ltr'>δυσπαξίᾳ</span> 
     </span>
    </p>
   </div>
   <div class='ocr_carea' id='block_1_19' title="bbox 1286 1861 1975 1954">
    <p class='ocr_par' dir='ltr' id='par_1_21' title="bbox 1286 1861 1975 1954">
     <span class='ocr_line' id='line_1_63' title="bbox 1286 1861 1975 1954; baseline -0.001 -22"><span class='ocrx_word' id='word_1_351' title='bbox 1286 1867 1460 1952; x_wconf 75' lang='grc' dir='ltr'>Ληφθεὶς,</span> <span class='ocrx_word' id='word_1_352' title='bbox 1480 1861 1600 1941; x_wconf 61' lang='lat' dir='ltr'>incedis</span> <span class='ocrx_word' id='word_1_353' title='bbox 1621 1865 1685 1930; x_wconf 76' lang='lat' dir='ltr'>iou</span> <span class='ocrx_word' id='word_1_354' title='bbox 1708 1870 1755 1952; x_wconf 70' lang='grc' dir='ltr'>τῷ</span> <span class='ocrx_word' id='word_1_355' title='bbox 1777 1865 1975 1954; x_wconf 63' lang='grc' dir='ltr'>πειρωμένῳ.</span> 
     </span>
    </p>
   </div>
   <div class='ocr_carea' id='block_1_20' title="bbox 1201 2000 2212 2399">
    <p class='ocr_par' dir='ltr' id='par_1_22' title="bbox 1201 2000 2212 2399">
     <span class='ocr_line' id='line_1_64' title="bbox 1302 2000 2212 2085; baseline 0.009 -11"><span class='ocrx_word' id='word_1_356' title='bbox 1302 2001 1419 2074; x_wconf 92' lang='lat' dir='ltr'>Deum</span> <span class='ocrx_word' id='word_1_357' title='bbox 1442 2013 1558 2071; x_wconf 85' lang='lat' dir='ltr'>sutem</span> <span class='ocrx_word' id='word_1_358' title='bbox 1580 2015 1783 2085; x_wconf 86' lang='lat' dir='ltr'>aeternum,</span> <span class='ocrx_word' id='word_1_359' title='bbox 1808 2000 1954 2074; x_wconf 90' lang='lat' dir='ltr'>Patrem</span> <span class='ocrx_word' id='word_1_360' title='bbox 1974 2001 2135 2079; x_wconf 87' lang='lat' dir='ltr'>Domini</span> <span class='ocrx_word' id='word_1_361' title='bbox 2151 2032 2212 2082; x_wconf 90' lang='lat' dir='ltr'>no·</span> 
     </span>
     <span class='ocr_line' id='line_1_65' title="bbox 1201 2097 2211 2191; baseline 0.01 -18"><span class='ocrx_word' id='word_1_362' title='bbox 1201 2102 1267 2174; x_wconf 91' lang='lat' dir='ltr'>stri</span> <span class='ocrx_word' id='word_1_363' title='bbox 1282 2101 1311 2180; x_wconf 89' lang='lat' dir='ltr'>l.</span> <span class='ocrx_word' id='word_1_364' title='bbox 1326 2100 1384 2190; x_wconf 91' lang='lat' dir='ltr'>C.,</span> <span class='ocrx_word' id='word_1_365' title='bbox 1409 2103 1629 2174; x_wconf 89' lang='lat' dir='ltr'>conditorem</span> <span class='ocrx_word' id='word_1_366' title='bbox 1648 2103 1785 2191; x_wconf 88' lang='lat' dir='ltr'>generis</span> <span class='ocrx_word' id='word_1_367' title='bbox 1800 2097 1957 2174; x_wconf 88' lang='lat' dir='ltr'>humani</span> <span class='ocrx_word' id='word_1_368' title='bbox 1977 2121 2017 2178; x_wconf 92' lang='lat' dir='ltr'>et</span> <span class='ocrx_word' id='word_1_369' title='bbox 2032 2106 2211 2183; x_wconf 73' lang='lat' dir='ltr'>Ecclesiae</span> 
     </span>
     <span class='ocr_line' id='line_1_66' title="bbox 1201 2200 2210 2293; baseline -0.003 -19"><span class='ocrx_word' id='word_1_370' title='bbox 1201 2228 1285 2276; x_wconf 87' lang='lat' dir='ltr'>suae</span> <span class='ocrx_word' id='word_1_371' title='bbox 1301 2228 1463 2289; x_wconf 89' lang='lat' dir='ltr'>oramus,</span> <span class='ocrx_word' id='word_1_372' title='bbox 1488 2217 1530 2274; x_wconf 94' lang='lat' dir='ltr'>ut</span> <span class='ocrx_word' id='word_1_373' title='bbox 1543 2217 1578 2274; x_wconf 95' lang='lat' dir='ltr'>et</span> <span class='ocrx_word' id='word_1_374' title='bbox 1589 2200 1912 2293; x_wconf 84' lang='lat' dir='ltr'>Ecclesiamregat,</span> <span class='ocrx_word' id='word_1_375' title='bbox 1939 2222 1980 2280; x_wconf 88' lang='lat' dir='ltr'>et</span> <span class='ocrx_word' id='word_1_376' title='bbox 1995 2208 2132 2283; x_wconf 87' lang='lat' dir='ltr'>lumen</span> <span class='ocrx_word' id='word_1_377' title='bbox 2147 2209 2210 2283; x_wconf 82' lang='lat' dir='ltr'>Ec.</span> 
     </span>
     <span class='ocr_line' id='line_1_67' title="bbox 1202 2303 2210 2399; baseline 0.011 -25"><span class='ocrx_word' id='word_1_378' title='bbox 1202 2306 1327 2376; x_wconf 89' lang='lat' dir='ltr'>clesiae</span> <span class='ocrx_word' id='word_1_379' title='bbox 1346 2330 1422 2376; x_wconf 91' lang='lat' dir='ltr'>non</span> <span class='ocrx_word' id='word_1_380' title='bbox 1444 2305 1537 2378; x_wconf 88' lang='lat' dir='ltr'>sinat</span> <span class='ocrx_word' id='word_1_381' title='bbox 1556 2305 1743 2396; x_wconf 88' lang='lat' dir='ltr'>exstingui.</span> <span class='ocrx_word' id='word_1_382' title='bbox 1797 2305 1856 2382; x_wconf 87' lang='lat'>19.</span> <span class='ocrx_word' id='word_1_383' title='bbox 1879 2303 2078 2399; x_wconf 85' lang='lat' dir='ltr'>Ianuarii,</span> <span class='ocrx_word' id='word_1_384' title='bbox 2109 2309 2210 2385; x_wconf 82' lang='lat' dir='ltr'>Auno</span> 
     </span>
    </p>
   </div>
   <div class='ocr_carea' id='block_1_21' title="bbox 1205 2404 1316 2483">
    <p class='ocr_par' dir='ltr' id='par_1_23' title="bbox 1205 2404 1316 2483">
     <span class='ocr_line' id='line_1_68' title="bbox 1205 2404 1316 2483; baseline 0.054 -7"><span class='ocrx_word' id='word_1_385' title='bbox 1205 2404 1316 2483; x_wconf 78' lang='lat'>1548.</span> 
     </span>
    </p>
   </div>
   <div class='ocr_carea' id='block_1_22' title="bbox 1211 2700 1407 2831">
    <p class='ocr_par' dir='ltr' id='par_1_24' title="bbox 1211 2700 1407 2831">
     <span class='ocr_line' id='line_1_69' title="bbox 1211 2700 1407 2831; baseline 0.026 -5"><span class='ocrx_word' id='word_1_386' title='bbox 1211 2700 1407 2831; x_wconf 62' lang='lat' dir='ltr'>Nasica.</span> 
     </span>
    </p>
   </div>
   <div class='ocr_carea' id='block_1_23' title="bbox 1207 2851 1421 2891">
    <p class='ocr_par' dir='ltr' id='par_1_25' title="bbox 1207 2851 1421 2891">
     <span class='ocr_line' id='line_1_70' title="bbox 1207 2851 1421 2891; baseline 0.033 -7"><span class='ocrx_word' id='word_1_387' title='bbox 1207 2851 1421 2891; x_wconf 53' lang='grc' dir='ltr'><strong>Μ</strong></span> 
     </span>
    </p>
   </div>
   <div class='ocr_carea' id='block_1_24' title="bbox 1269 2957 2057 3198">
    <p class='ocr_par' dir='ltr' id='par_1_26' title="bbox 1269 2957 2057 3198">
     <span class='ocr_line' id='line_1_71' title="bbox 1381 2957 2033 3073; baseline 0.012 -26"><span class='ocrx_word' id='word_1_388' title='bbox 1381 2957 1588 3073; x_wconf 82' lang='lat' dir='ltr'>Cruciger</span> <span class='ocrx_word' id='word_1_389' title='bbox 1616 2960 1679 3044; x_wconf 86' lang='lat' dir='ltr'>od</span> <span class='ocrx_word' id='word_1_390' title='bbox 1715 2959 2033 3058; x_wconf 80' lang='lat' dir='ltr'>Academicos.</span> 
     </span>
     <span class='ocr_line' id='line_1_72' title="bbox 1269 3114 2057 3198; baseline 0.015 -28"><span class='ocrx_word' id='word_1_391' title='bbox 1269 3114 1377 3189; x_wconf 81' lang='lat' dir='ltr'>Scripta</span> <span class='ocrx_word' id='word_1_392' title='bbox 1389 3116 1464 3190; x_wconf 88' lang='lat' dir='ltr'>publ.</span> <span class='ocrx_word' id='word_1_393' title='bbox 1479 3119 1565 3175; x_wconf 76' lang='lat' dir='ltr'>Acad.</span> <span class='ocrx_word' id='word_1_394' title='bbox 1579 3119 1659 3178; x_wconf 88' lang='lat' dir='ltr'>Wit.</span> <span class='ocrx_word' id='word_1_395' title='bbox 1678 3120 1711 3179; x_wconf 88' lang='grc' dir='ltr'><strong>Τ.</strong></span> <span class='ocrx_word' id='word_1_396' title='bbox 1724 3123 1748 3177; x_wconf 88' lang='lat'>1.</span> <span class='ocrx_word' id='word_1_397' title='bbox 1765 3141 1792 3196; x_wconf 90' lang='lat' dir='ltr'>p.</span> <span class='ocrx_word' id='word_1_398' title='bbox 1805 3122 1880 3179; x_wconf 70' lang='lat' dir='ltr'>:oth</span> <span class='ocrx_word' id='word_1_399' title='bbox 1895 3144 1940 3198; x_wconf 84' lang='lat' dir='ltr'>sq.</span> <span class='ocrx_word' id='word_1_400' title='bbox 2054 3126 2057 3132; x_wconf 79' lang='grc'><strong>’</strong></span> 
     </span>
    </p>
   </div>
   <div class='ocr_carea' id='block_1_25' title="bbox 2049 2768 2203 2890">
    <p class='ocr_par' dir='ltr' id='par_1_27' title="bbox 2049 2768 2203 2890">
     <span class='ocr_line' id='line_1_73' title="bbox 2049 2768 2203 2890; baseline 0 -54"><span class='ocrx_word' id='word_1_401' title='bbox 2049 2768 2203 2890; x_wconf 58' lang='lat' dir='ltr'>Q</span> 
     </span>
    </p>
   </div>
   <div class='ocr_carea' id='block_1_26' title="bbox 1201 3264 2198 3473">
    <p class='ocr_par' dir='ltr' id='par_1_28' title="bbox 1201 3264 2198 3473">
     <span class='ocr_line' id='line_1_74' title="bbox 1201 3264 2198 3383; baseline 0.015 -38"><span class='ocrx_word' id='word_1_402' title='bbox 1201 3264 1339 3345; x_wconf 71' lang='lat' dir='ltr'>Recto:</span> <span class='ocrx_word' id='word_1_403' title='bbox 1354 3269 1574 3347; x_wconf 80' lang='lat' dir='ltr'>Academiae</span> <span class='ocrx_word' id='word_1_404' title='bbox 1598 3272 1804 3376; x_wconf 80' lang='lat' dir='ltr'>Wteberg.</span> <span class='ocrx_word' id='word_1_405' title='bbox 1818 3272 1981 3383; x_wconf 84' lang='lat' dir='ltr'>Cospa</span> <span class='ocrx_word' id='word_1_406' title='bbox 1993 3309 2079 3358; x_wconf 83' lang='lat' dir='ltr'>rus</span> <span class='ocrx_word' id='word_1_407' title='bbox 2100 3280 2198 3362; x_wconf 84' lang='lat' dir='ltr'>Cro-</span> 
     </span>
     <span class='ocr_line' id='line_1_75' title="bbox 1536 3375 1864 3473; baseline 0.018 -26"><span class='ocrx_word' id='word_1_408' title='bbox 1536 3375 1678 3473; x_wconf 79' lang='lat' dir='ltr'>ciger‚</span> <span class='ocrx_word' id='word_1_409' title='bbox 1710 3377 1864 3460; x_wconf 86' lang='lat' dir='ltr'>Doctor.</span> 
     </span>
    </p>
   </div>
   <div class='ocr_carea' id='block_1_27' title="bbox 1202 3489 2202 4210">
    <p class='ocr_par' dir='ltr' id='par_1_29' title="bbox 1202 3489 2202 4210">
     <span class='ocr_line' id='line_1_76' title="bbox 1202 3489 2198 3615; baseline 0.016 -34"><span class='ocrx_word' id='word_1_410' title='bbox 1202 3489 1349 3581; x_wconf 84' lang='lat' dir='ltr'>Multae</span> <span class='ocrx_word' id='word_1_411' title='bbox 1364 3522 1448 3580; x_wconf 91' lang='lat' dir='ltr'>sunt</span> <span class='ocrx_word' id='word_1_412' title='bbox 1467 3533 1616 3600; x_wconf 88' lang='lat' dir='ltr'>magnae</span> <span class='ocrx_word' id='word_1_413' title='bbox 1639 3536 1783 3601; x_wconf 84' lang='lat' dir='ltr'>causae,</span> <span class='ocrx_word' id='word_1_414' title='bbox 1807 3530 1956 3609; x_wconf 90' lang='lat' dir='ltr'>propter</span> <span class='ocrx_word' id='word_1_415' title='bbox 1978 3545 2077 3615; x_wconf 87' lang='lat' dir='ltr'>quas</span> <span class='ocrx_word' id='word_1_416' title='bbox 2100 3537 2198 3596; x_wconf 87' lang='lat' dir='ltr'>morte</span> 
     </span>
     <span class='ocr_line' id='line_1_77' title="bbox 1203 3612 2197 3699; baseline 0.019 -19"><span class='ocrx_word' id='word_1_417' title='bbox 1203 3625 1409 3683; x_wconf 88' lang='lat' dir='ltr'>nostrorum</span> <span class='ocrx_word' id='word_1_418' title='bbox 1431 3612 1551 3680; x_wconf 89' lang='lat' dir='ltr'>dolere</span> <span class='ocrx_word' id='word_1_419' title='bbox 1567 3636 1633 3683; x_wconf 90' lang='lat' dir='ltr'>nos</span> <span class='ocrx_word' id='word_1_420' title='bbox 1648 3615 1780 3685; x_wconf 89' lang='lat' dir='ltr'>iustum</span> <span class='ocrx_word' id='word_1_421' title='bbox 1797 3631 1858 3692; x_wconf 85' lang='lat' dir='ltr'>est.</span> <span class='ocrx_word' id='word_1_422' title='bbox 1910 3618 2013 3694; x_wconf 84' lang='lat' dir='ltr'>Vult</span> <span class='ocrx_word' id='word_1_423' title='bbox 2030 3627 2129 3696; x_wconf 90' lang='lat' dir='ltr'>enim</span> <span class='ocrx_word' id='word_1_424' title='bbox 2142 3652 2197 3699; x_wconf 89' lang='lat' dir='ltr'>nos</span> 
     </span>
     <span class='ocr_line' id='line_1_78' title="bbox 1204 3711 2198 3821; baseline 0.02 -38"><span class='ocrx_word' id='word_1_425' title='bbox 1204 3713 1304 3784; x_wconf 90' lang='lat' dir='ltr'>Deus</span> <span class='ocrx_word' id='word_1_426' title='bbox 1318 3711 1421 3781; x_wconf 87' lang='lat' dir='ltr'>adfici</span> <span class='ocrx_word' id='word_1_427' title='bbox 1437 3713 1616 3787; x_wconf 88' lang='lat' dir='ltr'>desiderio</span> <span class='ocrx_word' id='word_1_428' title='bbox 1629 3729 1853 3801; x_wconf 88' lang='lat' dir='ltr'>nostrorum,</span> <span class='ocrx_word' id='word_1_429' title='bbox 1874 3721 1955 3792; x_wconf 88' lang='lat' dir='ltr'>vult</span> <span class='ocrx_word' id='word_1_430' title='bbox 1982 3749 2057 3797; x_wconf 90' lang='lat' dir='ltr'>nos</span> <span class='ocrx_word' id='word_1_431' title='bbox 2079 3729 2198 3821; x_wconf 79' lang='lat' dir='ltr'>cogita-</span> 
     </span>
     <span class='ocr_line' id='line_1_79' title="bbox 1205 3807 2194 3922; baseline 0.018 -40"><span class='ocrx_word' id='word_1_432' title='bbox 1205 3837 1262 3894; x_wconf 89' lang='lat' dir='ltr'>re‚</span> <span class='ocrx_word' id='word_1_433' title='bbox 1287 3836 1351 3880; x_wconf 91' lang='lat' dir='ltr'>cur</span> <span class='ocrx_word' id='word_1_434' title='bbox 1367 3835 1477 3901; x_wconf 89' lang='lat' dir='ltr'>genus</span> <span class='ocrx_word' id='word_1_435' title='bbox 1492 3807 1689 3885; x_wconf 89' lang='lat' dir='ltr'>humanum</span> <span class='ocrx_word' id='word_1_436' title='bbox 1705 3830 1739 3888; x_wconf 92' lang='lat' dir='ltr'>et</span> <span class='ocrx_word' id='word_1_437' title='bbox 1752 3834 1864 3892; x_wconf 89' lang='lat' dir='ltr'>morte</span> <span class='ocrx_word' id='word_1_438' title='bbox 1886 3834 1921 3892; x_wconf 89' lang='lat' dir='ltr'>et</span> <span class='ocrx_word' id='word_1_439' title='bbox 1942 3827 2098 3922; x_wconf 84' lang='lat' dir='ltr'>reliqna</span> <span class='ocrx_word' id='word_1_440' title='bbox 2116 3832 2194 3901; x_wconf 87' lang='lat' dir='ltr'>mole</span> 
     </span>
     <span class='ocr_line' id='line_1_80' title="bbox 1203 3912 2198 4004; baseline 0.022 -21"><span class='ocrx_word' id='word_1_441' title='bbox 1203 3912 1442 3984; x_wconf 89' lang='lat' dir='ltr'>calamitatum</span> <span class='ocrx_word' id='word_1_442' title='bbox 1461 3928 1647 3988; x_wconf 90' lang='lat' dir='ltr'>oneratum</span> <span class='ocrx_word' id='word_1_443' title='bbox 1667 3917 1724 3989; x_wconf 89' lang='lat' dir='ltr'>sit.</span> <span class='ocrx_word' id='word_1_444' title='bbox 1773 3920 1845 3993; x_wconf 86' lang='lat' dir='ltr'>Sed</span> <span class='ocrx_word' id='word_1_445' title='bbox 1861 3947 1991 3997; x_wconf 89' lang='lat' dir='ltr'>rursus</span> <span class='ocrx_word' id='word_1_446' title='bbox 2008 3931 2198 4004; x_wconf 80' lang='lat' dir='ltr'>etiamvult</span> 
     </span>
     <span class='ocr_line' id='line_1_81' title="bbox 1204 4015 2202 4122; baseline 0.024 -39"><span class='ocrx_word' id='word_1_447' title='bbox 1204 4037 1270 4085; x_wconf 91' lang='lat' dir='ltr'>nos</span> <span class='ocrx_word' id='word_1_448' title='bbox 1289 4015 1468 4084; x_wconf 88' lang='lat' dir='ltr'>moderari</span> <span class='ocrx_word' id='word_1_449' title='bbox 1496 4019 1677 4105; x_wconf 88' lang='lat' dir='ltr'>dolorem,</span> <span class='ocrx_word' id='word_1_450' title='bbox 1715 4022 1793 4091; x_wconf 93' lang='lat' dir='ltr'>vult</span> <span class='ocrx_word' id='word_1_451' title='bbox 1815 4024 1925 4115; x_wconf 90' lang='lat' dir='ltr'>aspici</span> <span class='ocrx_word' id='word_1_452' title='bbox 1947 4027 2075 4103; x_wconf 85' lang='lat' dir='ltr'>filium</span> <span class='ocrx_word' id='word_1_453' title='bbox 2097 4057 2202 4122; x_wconf 85' lang='lat' dir='ltr'>sunm,</span> 
     </span>
     <span class='ocr_line' id='line_1_82' title="bbox 1204 4115 2201 4210; baseline 0.027 -29"><span class='ocrx_word' id='word_1_454' title='bbox 1204 4115 1390 4186; x_wconf 89' lang='lat' dir='ltr'>dominum</span> <span class='ocrx_word' id='word_1_455' title='bbox 1419 4132 1580 4189; x_wconf 90' lang='lat' dir='ltr'>nostrum</span> <span class='ocrx_word' id='word_1_456' title='bbox 1612 4118 1726 4190; x_wconf 89' lang='lat' dir='ltr'>lesum</span> <span class='ocrx_word' id='word_1_457' title='bbox 1748 4118 1950 4210; x_wconf 88' lang='lat' dir='ltr'>Christum,</span> <span class='ocrx_word' id='word_1_458' title='bbox 1996 4136 2201 4208; x_wconf 81' lang='lat' dir='ltr'>crucifixum</span> 
     </span>
    </p>
   </div>
   <div class='ocr_carea' id='block_1_28' title="bbox 1129 4217 2203 4319">
    <p class='ocr_par' dir='ltr' id='par_1_30' title="bbox 1129 4217 2203 4319">
     <span class='ocr_line' id='line_1_83' title="bbox 1129 4217 2203 4319; baseline 0.02 -33"><span class='ocrx_word' id='word_1_459' title='bbox 1129 4295 1134 4302; x_wconf 44' lang='grc'><em>,</em></span> <span class='ocrx_word' id='word_1_460' title='bbox 1204 4241 1269 4308; x_wconf 92' lang='lat' dir='ltr'>pro</span> <span class='ocrx_word' id='word_1_461' title='bbox 1285 4217 1389 4287; x_wconf 90' lang='lat' dir='ltr'>nobis</span> <span class='ocrx_word' id='word_1_462' title='bbox 1404 4231 1438 4288; x_wconf 91' lang='lat' dir='ltr'>et</span> <span class='ocrx_word' id='word_1_463' title='bbox 1451 4224 1689 4308; x_wconf 87' lang='lat' dir='ltr'>resucitatum,</span> <span class='ocrx_word' id='word_1_464' title='bbox 1712 4248 1777 4314; x_wconf 90' lang='lat' dir='ltr'>per</span> <span class='ocrx_word' id='word_1_465' title='bbox 1793 4249 1897 4319; x_wconf 88' lang='lat' dir='ltr'>quem</span> <span class='ocrx_word' id='word_1_466' title='bbox 1911 4231 2084 4308; x_wconf 88' lang='lat' dir='ltr'>reddidit</span> <span class='ocrx_word' id='word_1_467' title='bbox 2098 4253 2203 4310; x_wconf 89' lang='lat' dir='ltr'>aeter·</span> 
     </span>
    </p>
   </div>
   <div class='ocr_carea' id='block_1_29' title="bbox 1200 4319 2207 5428">
    <p class='ocr_par' dir='ltr' id='par_1_31' title="bbox 1200 4319 2207 5428">
     <span class='ocr_line' id='line_1_84' title="bbox 1204 4319 2202 4415; baseline 0.025 -29"><span class='ocrx_word' id='word_1_468' title='bbox 1204 4342 1288 4386; x_wconf 88' lang='lat' dir='ltr'>nam</span> <span class='ocrx_word' id='word_1_469' title='bbox 1316 4319 1439 4394; x_wconf 87' lang='lat' dir='ltr'>vitam.</span> <span class='ocrx_word' id='word_1_470' title='bbox 1503 4320 1664 4415; x_wconf 89' lang='lat' dir='ltr'>Cumque</span> <span class='ocrx_word' id='word_1_471' title='bbox 1683 4325 1752 4415; x_wconf 91' lang='lat' dir='ltr'>piis</span> <span class='ocrx_word' id='word_1_472' title='bbox 1775 4328 1926 4399; x_wconf 91' lang='lat' dir='ltr'>sciamus</span> <span class='ocrx_word' id='word_1_473' title='bbox 1948 4349 2114 4409; x_wconf 82' lang='lat' dir='ltr'>mortem</span> <span class='ocrx_word' id='word_1_474' title='bbox 2142 4341 2202 4410; x_wconf 88' lang='lat' dir='ltr'>iter</span> 
     </span>
     <span class='ocr_line' id='line_1_85' title="bbox 1204 4421 2203 4518; baseline 0.022 -30"><span class='ocrx_word' id='word_1_475' title='bbox 1204 4442 1277 4489; x_wconf 90' lang='lat' dir='ltr'>esse</span> <span class='ocrx_word' id='word_1_476' title='bbox 1308 4421 1353 4489; x_wconf 90' lang='lat' dir='ltr'>ad</span> <span class='ocrx_word' id='word_1_477' title='bbox 1380 4434 1558 4491; x_wconf 86' lang='lat' dir='ltr'>aeternam</span> <span class='ocrx_word' id='word_1_478' title='bbox 1585 4425 1744 4496; x_wconf 87' lang='lat' dir='ltr'>coelestis</span> <span class='ocrx_word' id='word_1_479' title='bbox 1763 4424 1941 4501; x_wconf 87' lang='lat' dir='ltr'>Ecclesiae</span> <span class='ocrx_word' id='word_1_480' title='bbox 1966 4440 2203 4518; x_wconf 86' lang='lat' dir='ltr'>consuetudi·</span> 
     </span>
     <span class='ocr_line' id='line_1_86' title="bbox 1204 4522 2204 4615; baseline 0.023 -26"><span class='ocrx_word' id='word_1_481' title='bbox 1204 4544 1306 4606; x_wconf 90' lang='lat' dir='ltr'>nem,</span> <span class='ocrx_word' id='word_1_482' title='bbox 1330 4522 1408 4593; x_wconf 89' lang='lat' dir='ltr'>vult</span> <span class='ocrx_word' id='word_1_483' title='bbox 1423 4546 1489 4594; x_wconf 91' lang='lat' dir='ltr'>nos</span> <span class='ocrx_word' id='word_1_484' title='bbox 1504 4523 1716 4614; x_wconf 88' lang='lat' dir='ltr'>cogitatione</span> <span class='ocrx_word' id='word_1_485' title='bbox 1731 4529 1808 4599; x_wconf 91' lang='lat' dir='ltr'>cius</span> <span class='ocrx_word' id='word_1_486' title='bbox 1822 4530 1908 4600; x_wconf 91' lang='lat' dir='ltr'>boni</span> <span class='ocrx_word' id='word_1_487' title='bbox 1924 4531 2047 4608; x_wconf 88' lang='lat' dir='ltr'>lenire</span> <span class='ocrx_word' id='word_1_488' title='bbox 2061 4542 2204 4615; x_wconf 67' lang='lat' dir='ltr'>mouli-</span> 
     </span>
     <span class='ocr_line' id='line_1_87' title="bbox 1203 4621 2205 4720; baseline 0.02 -28"><span class='ocrx_word' id='word_1_489' title='bbox 1203 4621 1313 4707; x_wconf 89' lang='lat' dir='ltr'>ciam,</span> <span class='ocrx_word' id='word_1_490' title='bbox 1337 4622 1414 4693; x_wconf 86' lang='lat' dir='ltr'>vult</span> <span class='ocrx_word' id='word_1_491' title='bbox 1434 4625 1522 4695; x_wconf 90' lang='lat' dir='ltr'>etin</span> <span class='ocrx_word' id='word_1_492' title='bbox 1535 4627 1641 4694; x_wconf 91' lang='lat' dir='ltr'>nobis</span> <span class='ocrx_word' id='word_1_493' title='bbox 1657 4628 1743 4720; x_wconf 92' lang='lat' dir='ltr'>ipsis</span> <span class='ocrx_word' id='word_1_494' title='bbox 1756 4631 1970 4704; x_wconf 86' lang='lat' dir='ltr'>desiderium</span> <span class='ocrx_word' id='word_1_495' title='bbox 1992 4642 2149 4713; x_wconf 87' lang='lat' dir='ltr'>accendi</span> <span class='ocrx_word' id='word_1_496' title='bbox 2162 4643 2205 4712; x_wconf 87' lang='lat' dir='ltr'>il·</span> 
     </span>
     <span class='ocr_line' id='line_1_88' title="bbox 1203 4719 2206 4820; baseline 0.025 -28"><span class='ocrx_word' id='word_1_497' title='bbox 1203 4722 1273 4793; x_wconf 91' lang='lat' dir='ltr'>lius</span> <span class='ocrx_word' id='word_1_498' title='bbox 1288 4719 1444 4795; x_wconf 88' lang='lat' dir='ltr'>melioris</span> <span class='ocrx_word' id='word_1_499' title='bbox 1459 4724 1564 4812; x_wconf 88' lang='lat' dir='ltr'>vitae,</span> <span class='ocrx_word' id='word_1_500' title='bbox 1577 4728 1622 4797; x_wconf 89' lang='lat' dir='ltr'>iu</span> <span class='ocrx_word' id='word_1_501' title='bbox 1638 4752 1708 4820; x_wconf 90' lang='lat' dir='ltr'>qua</span> <span class='ocrx_word' id='word_1_502' title='bbox 1721 4730 1924 4805; x_wconf 89' lang='lat' dir='ltr'>dulcissima</span> <span class='ocrx_word' id='word_1_503' title='bbox 1939 4745 2206 4815; x_wconf 88' lang='lat' dir='ltr'>consuetudine</span> 
     </span>
     <span class='ocr_line' id='line_1_89' title="bbox 1203 4822 2205 4918; baseline 0.024 -21"><span class='ocrx_word' id='word_1_504' title='bbox 1203 4823 1271 4897; x_wconf 89' lang='lat' dir='ltr'>Dei</span> <span class='ocrx_word' id='word_1_505' title='bbox 1284 4837 1320 4895; x_wconf 92' lang='lat' dir='ltr'>et</span> <span class='ocrx_word' id='word_1_506' title='bbox 1334 4822 1471 4908; x_wconf 89' lang='lat' dir='ltr'>domini</span> <span class='ocrx_word' id='word_1_507' title='bbox 1484 4828 1598 4899; x_wconf 91' lang='lat' dir='ltr'>nostri</span> <span class='ocrx_word' id='word_1_508' title='bbox 1614 4827 1694 4901; x_wconf 90' lang='lat' dir='ltr'>lesu</span> <span class='ocrx_word' id='word_1_509' title='bbox 1709 4826 1842 4905; x_wconf 86' lang='lat' dir='ltr'>Christi</span> <span class='ocrx_word' id='word_1_510' title='bbox 1856 4847 1891 4905; x_wconf 88' lang='lat' dir='ltr'>et</span> <span class='ocrx_word' id='word_1_511' title='bbox 1905 4837 2105 4917; x_wconf 88' lang='lat' dir='ltr'>universae</span> <span class='ocrx_word' id='word_1_512' title='bbox 2120 4845 2205 4918; x_wconf 84' lang='lat' dir='ltr'>reli·</span> 
     </span>
     <span class='ocr_line' id='line_1_90' title="bbox 1202 4918 2205 5043; baseline 0.031 -53"><span class='ocrx_word' id='word_1_513' title='bbox 1202 4949 1291 5020; x_wconf 80' lang='lat' dir='ltr'>quae</span> <span class='ocrx_word' id='word_1_514' title='bbox 1307 4918 1485 4998; x_wconf 79' lang='lat' dir='ltr'>Ecclesiae</span> <span class='ocrx_word' id='word_1_515' title='bbox 1501 4930 1680 5025; x_wconf 80' lang='lat' dir='ltr'>fruemur,</span> <span class='ocrx_word' id='word_1_516' title='bbox 1704 4933 1769 5004; x_wconf 90' lang='lat' dir='ltr'>ubi</span> <span class='ocrx_word' id='word_1_517' title='bbox 1786 4948 1820 5006; x_wconf 92' lang='lat' dir='ltr'>te</span> <span class='ocrx_word' id='word_1_518' title='bbox 1843 4931 1900 5033; x_wconf 73' lang='lat' dir='ltr'>[i]</span> <span class='ocrx_word' id='word_1_519' title='bbox 1917 4937 2017 5012; x_wconf 81' lang='lat' dir='ltr'>filius</span> <span class='ocrx_word' id='word_1_520' title='bbox 2036 4945 2115 5018; x_wconf 87' lang='lat' dir='ltr'>Dei</span> <span class='ocrx_word' id='word_1_521' title='bbox 2130 4949 2205 5043; x_wconf 90' lang='lat' dir='ltr'>ipse</span> 
     </span>
     <span class='ocr_line' id='line_1_91' title="bbox 1202 5026 2206 5122; baseline 0.026 -24"><span class='ocrx_word' id='word_1_522' title='bbox 1202 5026 1469 5118; x_wconf 88' lang='lat' dir='ltr'>complectetur,</span> <span class='ocrx_word' id='word_1_523' title='bbox 1505 5031 1570 5101; x_wconf 91' lang='lat' dir='ltr'>ubi</span> <span class='ocrx_word' id='word_1_524' title='bbox 1596 5034 1794 5104; x_wconf 89' lang='lat' dir='ltr'>suavissimi</span> <span class='ocrx_word' id='word_1_525' title='bbox 1815 5061 1997 5111; x_wconf 87' lang='lat' dir='ltr'>sermones</span> <span class='ocrx_word' id='word_1_526' title='bbox 2022 5063 2140 5122; x_wconf 83' lang='lat' dir='ltr'>emnt</span> <span class='ocrx_word' id='word_1_527' title='bbox 2162 5052 2206 5122; x_wconf 84' lang='lat' dir='ltr'>de</span> 
     </span>
     <span class='ocr_line' id='line_1_92' title="bbox 1201 5127 2205 5230; baseline 0.026 -32"><span class='ocrx_word' id='word_1_528' title='bbox 1201 5127 1373 5219; x_wconf 88' lang='lat' dir='ltr'>sapientia</span> <span class='ocrx_word' id='word_1_529' title='bbox 1397 5143 1433 5201; x_wconf 90' lang='lat' dir='ltr'>et</span> <span class='ocrx_word' id='word_1_530' title='bbox 1453 5129 1591 5205; x_wconf 88' lang='lat' dir='ltr'>iusticia</span> <span class='ocrx_word' id='word_1_531' title='bbox 1612 5131 1680 5203; x_wconf 88' lang='lat' dir='ltr'>Dei</span> <span class='ocrx_word' id='word_1_532' title='bbox 1705 5159 1787 5207; x_wconf 91' lang='lat' dir='ltr'>cum</span> <span class='ocrx_word' id='word_1_533' title='bbox 1799 5134 1967 5230; x_wconf 83' lang='lat' dir='ltr'>Angelis,</span> <span class='ocrx_word' id='word_1_534' title='bbox 2002 5170 2093 5223; x_wconf 85' lang='lat' dir='ltr'>cnm</span> <span class='ocrx_word' id='word_1_535' title='bbox 2112 5149 2205 5224; x_wconf 85' lang='lat' dir='ltr'>Pro-</span> 
     </span>
     <span class='ocr_line' id='line_1_93' title="bbox 1201 5223 2204 5326; baseline 0.033 -30"><span class='ocrx_word' id='word_1_536' title='bbox 1201 5223 1317 5320; x_wconf 84' lang='lat' dir='ltr'>phetis</span> <span class='ocrx_word' id='word_1_537' title='bbox 1331 5244 1366 5302; x_wconf 90' lang='lat' dir='ltr'>et</span> <span class='ocrx_word' id='word_1_538' title='bbox 1378 5225 1572 5322; x_wconf 83' lang='lat' dir='ltr'>Apostolis.</span> <span class='ocrx_word' id='word_1_539' title='bbox 1622 5231 1719 5309; x_wconf 89' lang='lat' dir='ltr'>Haec</span> <span class='ocrx_word' id='word_1_540' title='bbox 1743 5262 1824 5309; x_wconf 88' lang='lat' dir='ltr'>cum</span> <span class='ocrx_word' id='word_1_541' title='bbox 1845 5241 1885 5315; x_wconf 90' lang='lat' dir='ltr'>in</span> <span class='ocrx_word' id='word_1_542' title='bbox 1904 5242 2102 5324; x_wconf 84' lang='lat' dir='ltr'>funeribus</span> <span class='ocrx_word' id='word_1_543' title='bbox 2128 5267 2204 5326; x_wconf 86' lang='lat' dir='ltr'>tum</span> 
     </span>
     <span class='ocr_line' id='line_1_94' title="bbox 1200 5330 2207 5428; baseline 0.021 -28"><span class='ocrx_word' id='word_1_544' title='bbox 1200 5352 1285 5402; x_wconf 82' lang='lat' dir='ltr'>vero</span> <span class='ocrx_word' id='word_1_545' title='bbox 1298 5330 1384 5403; x_wconf 88' lang='lat' dir='ltr'>alias</span> <span class='ocrx_word' id='word_1_546' title='bbox 1401 5354 1504 5427; x_wconf 88' lang='lat' dir='ltr'>saepe</span> <span class='ocrx_word' id='word_1_547' title='bbox 1526 5333 1712 5426; x_wconf 83' lang='lat' dir='ltr'>cogitanda</span> <span class='ocrx_word' id='word_1_548' title='bbox 1734 5346 1830 5422; x_wconf 80' lang='lat' dir='ltr'>tunt.</span> <span class='ocrx_word' id='word_1_549' title='bbox 1876 5335 1932 5414; x_wconf 83' lang='lat' dir='ltr'>Ac</span> <span class='ocrx_word' id='word_1_550' title='bbox 1956 5338 2072 5424; x_wconf 79' lang='lat' dir='ltr'>hodie</span> <span class='ocrx_word' id='word_1_551' title='bbox 2094 5356 2207 5428; x_wconf 67' lang='lat' dir='ltr'>mnus</span> 
     </span>
    </p>
   </div>
   <div class='ocr_carea' id='block_1_30' title="bbox 0 0 2387 6020">
    <p class='ocr_par' dir='ltr' id='par_1_32' title="bbox 0 0 2387 6020">
     <span class='ocr_line' id='line_1_95' title="bbox 0 0 2387 6020; baseline 0 0"><span class='ocrx_word' id='word_1_552' title='bbox 0 0 2387 6020; x_wconf 95' lang='lat' dir='ltr'> </span> 
     </span>
    </p>
   </div>
  </div>
 </body>
</html>
