4748 6022
273 198 346 276 611
865 173 1302 255 EPISTOLARUM
1354 176 1462 253 [ΑΒ.
1492 176 1539 255 X.
1598 170 1737 252 1547.
2271 172 2329 250 stt

279 366 449 448 adducat,
487 375 523 432 et
547 352 633 429 huic
664 351 867 424 saevissimo
897 347 1038 421 vulneri
1063 345 1275 417 medicinam
1325 372 1422 433 mus,
1454 351 1483 419 si
1509 364 1626 421 tamen
1649 343 1720 419 huc
1733 343 1936 431 advenerit,
1960 357 2024 417 aut
2040 343 2176 413 salvus
2193 353 2232 413 et
2248 341 2331 417 iace

278 467 394 538 faciat
1325 451 1431 521 lumis
1446 452 1550 522 nobis
1567 452 1752 522 nunciatus
1767 450 1873 520 fuerit
1886 444 2033 517 Elector
2046 457 2197 519 noster.

384 562 502 638 Scribi
516 583 591 631 non
605 570 732 650 potest,
753 552 903 648 quaesit
917 551 1165 629 consternatio,
1188 572 1278 643 quae
1428 553 1542 644 Aegre
1573 555 1746 643 abrumpo
1769 551 2007 641 scriptionem.
2068 545 2216 618 Nescio
2238 546 2331 632 enin,

280 667 489 762 trepidatio,
514 684 604 756 quae
617 658 779 729 omnium
794 654 954 737 tristitia,
976 676 1081 745 qnam
1095 653 1221 719 misera
1238 673 1278 718 ex
1327 677 1372 722 an
1396 668 1430 725 es
1452 656 1595 748 quando
1618 678 1681 745 pe,
1699 653 1818 722 liger„
1837 651 1893 720 vel
1911 672 2030 719 comm
2047 643 2215 740 pompm
2228 662 2331 721 ,m

281 774 364 862 luga
386 765 614 838 redeuntium
638 758 785 851 species,
810 769 960 850 quantae
975 754 1138 846 querelae
1155 755 1199 821 de
1215 775 1279 819 ne-
1328 755 1566 826 collocusuffl,
1586 757 1669 840 sim,
1699 767 1733 824 εἴ
1757 768 1873 825 ,amen
1900 751 2007 820 finem
2028 750 2216 842 epistolae
2231 752 2330 821 sm

282 871 469 965 blidenstat
491 863 675 934 ⁸²⁰¹¹rl¹³¹0
688 875 723 929 ⁰²
738 858 895 950 perfidi&
945 853 1020 943 38⁰
1039 854 1124 938 fibi,
1147 877 1187 923 ³⁶
1204 852 1279 921 ⁰⁰¹·
1328 881 1384 926 me
1400 856 1564 947 Magistri
1579 853 1792 925 Hermarchi
1811 851 2005 924 necessaria
2021 852 2223 924 festinatio
2240 854 2330 945 cogit

283 974 371 1064 legis
384 967 513 1039 nostris
528 962 696 1033 omnibus
711 960 878 1049 gratulor,
904 959 1000 1050 quod
1014 957 1059 1025 ab
1073 951 1129 1024 his
1145 967 1281 1046 specta·
1328 954 1425 1028 Deus
1448 972 1482 1028 te
1496 972 1532 1028 et
1550 971 1646 1029 tuam
1660 957 1830 1026 familiam
1848 976 2044 1047 omnesque
2061 968 2216 1026 nostros
2233 954 2328 1024 cone.

284 1074 373 1147 culis
402 1083 439 1140 et
470 1063 635 1158 periculis
659 1062 806 1144 abestis,
838 1073 871 1128 et
895 1061 1046 1128 eundem
1068 1053 1184 1126 Deum
1205 1067 1280 1126 toto
1330 1082 1389 1149 gas
1411 1072 1562 1131 tueatur.
1614 1058 1702 1130 Data
1725 1052 1814 1128 hora
1840 1058 1900 1130 12.
1914 1055 1974 1126 die
1992 1050 2139 1137 Marci,
2165 1056 2327 1149 postridie

285 1187 427 1268 pectore
447 1190 588 1260 Prefflr»
612 1174 653 1235 ui
670 1186 754 1242 vos,
779 1162 809 1231 ⁸1
828 1184 897 1253 qua
912 1160 980 1229 erit
995 1158 1211 1249 respublica,
1236 1156 1281 1225 ad
1331 1162 1391 1232 die
1422 1160 1586 1244 infausti,
1618 1185 1688 1252 quo
1712 1159 1799 1229 olim
1825 1157 1890 1228 llio
1911 1166 2013 1249 capto
2036 1154 2326 1233 florentissimum

286 1271 577 1346 instaurationem
608 1262 847 1335 Ecclesiarum
874 1274 909 1329 et
934 1254 1134 1329 scholarum
1161 1259 1200 1326 in
1226 1252 1282 1325 his
1331 1286 1480 1354 regnum
1492 1258 1598 1332 Asiae
1613 1261 1775 1332 funditus
1790 1280 1949 1328 eversum
1966 1268 2030 1331 οη,
2065 1254 2309 1331 Anno1547,

285 1373 509 1466 regionibus,
533 1367 663 1462 quibus
678 1364 825 1435 exitium
843 1361 1015 1444 imminet,
1034 1360 1228 1430 incolumes
1244 1358 1282 1425 in
1707 1358 1839 1430 Manu,
1856 1359 2063 1449 scriptorem
2075 1357 2231 1429 indicat·

285 1477 374 1548 locis
388 1471 577 1544 tutioribus
592 1479 784 1537 conservet.
817 1461 895 1533 Etsi
911 1476 1027 1532 autem
1041 1462 1154 1531 fateor
1168 1483 1282 1528 meam
1432 1463 1541 1534 Mitto
1561 1462 1770 1554 exemplaria
1786 1459 1953 1530 carmini,
1968 1458 2022 1529 tui
2035 1459 2244 1549 tempestive
2259 1460 2328 1529 fam

287 1576 496 1657 stultitiam,
522 1571 584 1662 qui
599 1591 674 1636 non
687 1567 791 1636 citius
805 1589 861 1634 me
876 1559 959 1632 hinc
974 1563 1140 1647 subduxi,
1164 1575 1282 1630 tamen
1436 1565 1522 1635 editi
1542 1578 1577 1634 et
1598 1565 1656 1656 pie
1675 1562 1778 1643 facti,
1804 1562 1977 1631 missurus
1994 1560 2097 1630 etiam
2109 1560 2328 1651 exemplaria

288 1703 369 1751 cum
391 1675 524 1745 multos
546 1668 694 1740 habeam
717 1668 788 1736 mei
812 1666 941 1735 erroris
958 1665 1086 1747 socios,
1112 1662 1174 1756 qui
1190 1656 1283 1729 hanc

287 1795 361 1851 tam
394 1775 548 1845 suhitam
572 1768 805 1840 calamitatem
831 1767 1017 1858 providere
1041 1779 1103 1833 aut
1122 1764 1283 1831 divinare

287 1904 363 1949 non
393 1886 604 1969 potuerunt,
637 1871 763 1939 videor
789 1868 892 1938 venia
924 1880 957 1936 et
980 1864 1284 1936 commiseratione

289 1982 435 2068 dignus3
470 1975 618 2067 ecquod
643 1983 824 2061 peccatum
846 1981 897 2037 est
920 1992 1029 2050 ame,
1056 1988 1185 2056 poenas
1202 1963 1285 2032 satis

289 2102 412 2172 graves
429 2079 536 2154 luam,
559 2075 627 2142 nisi
644 2071 731 2165 quid
747 2075 833 2141 deus
847 2092 911 2138 nos
930 2068 1130 2158 respexerit.
1181 2064 1285 2135 Nunc

288 2186 329 2253 in
353 2178 418 2250 hae
433 2176 669 2268 trepidatione
684 2173 802 2262 egredi
819 2167 902 2240 hinc
920 2194 1028 2240 curru
1039 2167 1176 2236 nemini
1193 2167 1285 2239 licet.

286 2284 444 2355 Pedibus
459 2281 510 2348 ire
525 2290 560 2346 et
574 2278 666 2345 ferre
679 2275 833 2343 inlantes
849 2296 920 2341 non
937 2294 1040 2363 queo.
1082 2266 1284 2337 Necessario

290 2385 399 2474 igitur
421 2377 479 2450 hic
495 2378 669 2459 retineor,
695 2389 730 2444 et
743 2397 882 2455 casum,
906 2394 1010 2463 quem
1028 2372 1116 2437 deos
1132 2370 1285 2437 clemen-

289 2486 447 2555 tissimus
470 2493 569 2571 pater
591 2475 729 2545 dederit
744 2486 924 2564 expectare
937 2494 1059 2557 cogor,
1085 2470 1142 2538 cui
1162 2467 1233 2536 scio
1253 2480 1286 2535 et

291 2600 387 2656 certo
405 2581 563 2662 confido,
586 2601 643 2645 me
660 2598 764 2644 curae
782 2588 816 2642 et
830 2595 950 2641 carum
968 2593 1060 2653 esse,
1085 2571 1190 2640 etiam
1204 2592 1285 2638 cum

290 2681 406 2767 hosti,
432 2680 546 2772 potito
567 2679 675 2767 urbe,
701 2675 861 2763 iugulum
878 2673 1092 2762 praebuero,
1115 2683 1176 2740 aut
1191 2691 1287 2737 meos

291 2788 444 2855 infantes
461 2804 578 2853 coram
595 2801 650 2845 me
669 2775 838 2845 trucidari
857 2775 1058 2864 adspexcro.
1096 2769 1287 2840 Soliusdei
1475 2824 1482 2841 ,
1649 2826 1656 2842 ,
1833 2825 1841 2843 ‚
1994 2825 2001 2843 ,
2243 2821 2251 2841 .

290 2911 359 2979 ope
380 2882 597 2955 salvabimur
617 2877 785 2948 omnibus
803 2869 968 2945 humanis
982 2872 1164 2964 praesidiis
1178 2870 1289 2940 desti·
1335 2822 1392 2900 D·
1421 2823 1532 2900 V¹²⁰
1572 2821 1644 2898 W
1640 2850 1715 2896 ’Μ
1722 2820 1815 2896 hem
1825 2850 1885 2909 ‘⁰’
1921 2848 2041 2896 ⁰m¹⁶⁰
2066 2833 2100 2894 ‘i
2119 2826 2249 2923 smm
2270 2844 2326 2893 ⁵¹¹⁰

290 2987 371 3061 tuti.
420 2981 515 3054 Eum
538 2980 648 3069 igitur
671 2978 801 3061 orabo,
831 2990 871 3047 ut
891 2972 1094 3047 Electorem
1116 2986 1289 3056 nostrum,
1640 3038 1648 3054 ,
1712 2922 1949 3055 ‚dmms‘m
2184 3038 2206 3055 η

293 3090 438 3180 eiusque
461 3082 651 3166 familiam,
676 3093 712 3150 et
731 3075 907 3149 Ecclesiae
930 3077 1025 3167 pias,
1051 3090 1085 3147 et
1104 3098 1220 3144 meam
1235 3075 1289 3141 fa·
1438 3033 1668 3118 0¹⁰3d⁶b¹¹¹g¹’
1690 3038 1752 3102 ’ω’
1768 3059 1815 3119 ‘P'
1832 3036 1869 3098 'd
1885 3035 2014 3097 ‘unam
2027 3034 2058 3096 δ’
2075 3033 2110 3100 4‘
2128 3030 2239 3115 mm)

291 3184 658 3269 miliolamdelendat,
683 3182 754 3250 alat
768 3194 803 3251 et
817 3191 1008 3249 conservet.
1048 3175 1191 3246 Vestras
1208 3197 1289 3265 pre·
1337 3153 1561 3248 Charissime
1574 3176 1602 3275 ¹)
1625 3172 1721 3249 Vite.
1771 3177 1886 3250 Simul
1910 3177 2072 3247 animum
2087 3198 2212 3247 meum
2235 3173 2329 3247 multi

294 3313 349 3360 ces
378 3287 481 3359 nobis
508 3285 668 3356 subsidio
688 3283 824 3352 futuras
850 3304 922 3349 non
945 3277 1166 3360 dubitamus,
1198 3289 1290 3345 certe
1337 3280 1457 3368 magni
1477 3281 1618 3372 dolores
1641 3280 1853 3359 excruciant·
1902 3278 2015 3349 Doleo
2032 3274 2261 3369 Principem,
2282 3273 2329 3345 vi-

294 3386 522 3459 vehcmenter
543 3386 635 3454 affici
659 3406 723 3452 vos
745 3395 781 3451 et
803 3380 956 3472 publicis
980 3379 1159 3449 aerumnis
1173 3391 1207 3449 et
1223 3400 1291 3445 no-
1337 3406 1418 3452 rum
1441 3381 1576 3451 bonum
1599 3395 1633 3450 et
1651 3381 1827 3467 integrum
1854 3378 1892 3447 in
1916 3401 2020 3449 causa
2044 3377 2144 3447 hona
2170 3378 2210 3446 in
2224 3390 2329 3447 unta

295 3490 376 3561 stris
391 3486 556 3580 periculis
571 3486 699 3552 scimus
716 3496 750 3552 et
764 3483 935 3553 dolemus.
1338 3483 1497 3552 miserias
1530 3482 1715 3565 incidisse,
1757 3478 1934 3549 Ecclesiae
1966 3477 2171 3550 doctrinam
2196 3475 2331 3561 mutari,

397 3586 603 3676 Quinetiam
627 3583 681 3651 sol
703 3583 777 3672 ipse
798 3594 832 3650 et
850 3580 940 3650 coeli
961 3581 1067 3650 facies
1091 3594 1126 3652 et
1151 3581 1292 3649 denun·
1339 3584 1454 3653 studia
1476 3578 1713 3675 pulcherrime
1738 3581 1898 3651 instituta
1916 3580 1954 3649 in
1970 3576 2204 3651 Academiola
2217 3592 2331 3649 1101111

295 3692 389 3762 ciare
409 3686 514 3757 nobis
538 3681 603 3753 has
626 3683 858 3766 calamitates,
886 3696 921 3751 et
942 3683 1047 3750 nobis
1068 3706 1148 3751 cum
1172 3681 1291 3766 lugere
1340 3683 1469 3766 deleri,
1494 3705 1560 3751 nos
1574 3677 1735 3764 distrahi,
1760 3682 1904 3761 amicos,
1929 3681 2027 3750 viros
2040 3678 2209 3770 optimos,
2231 3678 2332 3751 amit·

294 3794 369 3861 visa
386 3801 479 3858 sunt.
529 3784 621 3856 Nam
638 3779 707 3853 hoc
723 3783 843 3851 triduo
862 3781 915 3851 sol
929 3781 1161 3871 sanguineum
1181 3782 1292 3850 rubo·
1340 3798 1414 3855 tere
1434 3797 1468 3851 et
1491 3785 1595 3852 nidos
1612 3804 1693 3851 suos
1709 3796 1743 3851 et
1759 3783 1938 3867 fortunas,
1965 3780 2110 3852 irrideri
2124 3803 2192 3851 nos
2210 3780 2259 3851 ab
2273 3780 2333 3851 ad-

295 3916 370 3962 rem
393 3911 531 3980 semper
553 3886 657 3955 nobis
682 3885 839 3954 ostendit
854 3876 912 3975 ⁸),
945 3896 977 3951 et
995 3881 1131 3950 coelum
1147 3881 1239 3951 tristi
1258 3893 1293 3949 et
1340 3883 1521 3965 versariis,
1555 3895 1750 3972 postremo,
1787 3906 1845 3950 me
1870 3906 2012 3976 quoque
2037 3902 2113 3951 cum
2133 3878 2275 3949 familia
2297 3880 2334 3949 in

295 4004 465 4085 perpetua
479 3988 627 4076 caligine
645 3987 837 4055 obductum
855 3977 1076 4055 serotino
1089 3975 1153 4051 καὶ
1163 4000 1293 4051 ovace—
1341 3983 1485 4053 exilium
1509 3984 1610 4076 pelli;
1653 3984 1713 4052 sed
1736 4007 1800 4053 oro
1823 3980 1939 4053 Deum
1965 3997 2163 4065 aeternum,
2195 3992 2334 4072 patrem

293 4089 420 4181 νάζειν
436 4086 528 4184 ἡμῖν
544 4089 657 4155 visum
675 4100 737 4159 est.
1341 4081 1446 4155 Dom.
1470 4081 1515 4158 N.
1541 4082 1568 4153 1.
1592 4082 1651 4170 C„
1681 4099 1721 4155 ut
1748 4085 1883 4174 mitiget
1907 4085 2013 4154 nobis
2038 4076 2253 4177 omnibusb
2277 4104 2334 4153 ae·

281 4216 284 4221 ·
397 4191 515 4281 Quam
546 4188 654 4257 velim
678 4199 712 4255 te
732 4185 890 4275 proxime
913 4197 1006 4254 tuam
1030 4182 1214 4273 pecuniam
1240 4195 1293 4252 te·
1341 4207 1498 4257 rumnas.

297 4320 379 4366 cum
400 4292 602 4374 abstulisse,
625 4300 665 4357 ut
679 4283 828 4356 haberes
842 4286 1020 4355 viaticum.
1070 4283 1161 4353 Tuis
1177 4284 1294 4368 rebus,
1441 4284 1531 4355 Heri
1552 4282 1621 4356 huc
1644 4284 1750 4355 rediit
1763 4282 1898 4357 Doctor
1916 4280 2152 4379 Augustinus
2173 4278 2331 4380 (Scituri)

194 4424 198 4429 ·
297 4396 496 4479 frumento,
521 4391 628 4482 lignis
643 4400 678 4458 et
691 4387 828 4467 farina,
854 4408 959 4478 quam
976 4380 1035 4453 hic
1048 4384 1238 4478 reliquisti,
1263 4384 1294 4452 si
1342 4389 1406 4482 qui
1434 4401 1571 4471 narrat,
1603 4384 1805 4477 Principem
1834 4388 1958 4480 cymba
1983 4389 2021 4457 in
2042 4385 2133 4459 Albi
2155 4390 2330 4457 advectum

297 4508 379 4567 utar
396 4509 553 4586 tempore
568 4488 793 4572 necessitatis,
818 4508 919 4577 spero
934 4498 968 4554 te
983 4508 1058 4554 non
1073 4485 1198 4578 iniquo
1214 4485 1294 4554 ani·
1343 4512 1417 4559 esse
1432 4489 1643 4558 incolumem
1660 4485 1698 4553 in
1713 4487 1884 4577 oppidum
1900 4503 2062 4559 nostmm
2078 4484 2120 4580 ³).
2152 4484 2239 4579 Quo
2255 4508 2329 4557 con·

298 4620 359 4665 mo
381 4595 536 4664 laturum
561 4616 647 4662 esse.
698 4588 752 4658 Te
774 4611 837 4680 per
856 4587 1020 4677 pietatem
1035 4597 1130 4654 tuam
1149 4610 1231 4666 oro,
1254 4600 1296 4657 ut
1342 4591 1423 4660 silio
1438 4589 1593 4658 miserim
1607 4586 1777 4656 familiam
1793 4611 1906 4658 meam
1920 4590 2020 4674 istuc,
2045 4614 2091 4658 ne
2107 4591 2184 4681 ipse
2198 4588 2327 4685 quide!

298 4696 330 4766 si
351 4690 481 4764 isthinc
504 4693 690 4783 migrabis,
721 4703 762 4762 ut
777 4687 924 4758 omnino
942 4685 1142 4756 laciendum
1159 4710 1295 4773 censeo,
1342 4692 1427 4761 satis
1456 4691 1571 4757 dicere
1595 4711 1749 4777 possum.
1822 4688 1895 4759 Sed
1920 4690 2001 4759 misi
2026 4686 2218 4784 tamen‘),
2257 4684 2328 4783 quit

299 4796 364 4868 ubi
384 4795 538 4887 primum
556 4792 706 4884 poteris,
732 4785 824 4859 mihi
839 4812 902 4881 per
914 4788 1033 4857 literas
1048 4787 1105 4855 vel
1121 4812 1185 4880 per
1199 4813 1296 4859 nun·
1342 4791 1470 4884 puellis
1497 4802 1635 4871 metuo,
1669 4789 1829 4883 alioquin
1852 4814 1998 4884 prorsus
2019 4786 2079 4860 hic
2102 4796 2329 4873 maumemct

300 4900 397 4969 cium
420 4893 612 4984 significes,
645 4892 707 4960 ubi
729 4892 888 4961 locorum
911 4889 958 4959 sis
983 4901 1019 4958 et
1037 4892 1217 4982 quomodo
1232 4914 1294 4961 va·
1342 4905 1558 4983 expectarem
1578 4914 1702 4959 omnes
1721 4914 1831 4965 casus.
1890 4891 1982 4963 Nam
2006 4916 2073 4963 nec
2095 4894 2220 4984 vagari
2242 4890 2327 4965 tibet,

1433 1665 1649 1736 detensionis
1673 1664 1803 1734 latinae
1826 1662 2010 1732 absolutae
2032 1660 2126 1744 iam,
2155 1662 2214 1730 sed
2236 1683 2325 1730 one-

1433 1790 1511 1836 rare
1526 1763 1782 1835 Hermarchum
1798 1788 1870 1834 non
1886 1762 1996 1832 volui.

1333 2102 1403 2175 No.
1420 2101 1534 2177 8856.

1342 2200 1553 2235 Μ

2170 2110 2233 2173 26.
2250 2100 2315 2185 apr.

2156 2192 2319 2226 W

1622 2266 1668 2354 V
1664 2272 1725 2352 ito
1756 2267 2045 2355 Winshemio.

1402 2428 1481 2482 Edit·
1500 2426 1528 2480 in
1548 2430 1676 2484 strobetii
1695 2446 1775 2487 aceto
1796 2429 1883 2488 thttc.
1903 2444 1947 2499 gut
1964 2430 2066 2486 tttctat.
2092 2426 2132 2483 ll.
2146 2426 2215 2483 Vol.
2256 2426 2325 2483 ,tes
2371 2460 2373 2473 ·

1436 2498 1599 2636 apggzapba
1619 2501 1647 2554 io
1668 2500 1731 2556 cod.
1752 2499 1838 2553 Goth.
1852 2500 1909 2554 191.
1934 2516 1960 2570 p.
1974 2497 2020 2553 63.
2041 2505 2069 2551 et
2088 2496 2155 2551 cod.
2174 2496 2224 2553 oo
2253 2496 2326 2554 ,tot

1335 2721 1578 2818 Integerrimo
1602 2722 1679 2794 viro
1700 2720 1902 2795 eruditione
1923 2732 1955 2793 st
1979 2719 2113 2793 uirtute
2126 2718 2327 2819 praestanti

271 5090 277 5097 ·
300 5000 384 5072 leas.
433 4994 509 5067 Nos
530 5018 570 5064 eo
594 4992 763 5062 libentius
788 5015 910 5063 omnes
927 5014 1113 5062 aerumnas
1128 4984 1189 5062 hic
1204 4993 1295 5062 fere·

300 5162 531 5183 μ

332 5272 361 5340 t)
379 5268 457 5325 ldem
474 5274 620 5321 semrom
632 5261 774 5318 Sleidanm
793 5263 822 5317 io
839 5262 1057 5333 commentariis,
1079 5275 1107 5321 et
1122 5262 1295 5321 0101111ιὶ01

367 5339 397 5393 in
411 5336 474 5393 Vita
487 5333 671 5391 sternuente
683 5330 716 5385 ad
727 5350 790 5386 aaa.
803 5334 880 5394 test.
900 5334 926 5402 5.
941 5333 983 5388 72

1377 5076 1404 5145 1)
1422 5074 1515 5131 Strob.
1532 5076 1704 5132 claruerint.

1376 5160 1405 5229 2)
1426 5160 1497 5217 Cod.
1513 5160 1598 5217 Goth.
1614 5161 1672 5215 191.
1686 5178 1793 5217 omncs.

1376 5242 1406 5312 8)
1424 5242 1495 5297 cod.
1509 5244 1593 5299 Goth.
1607 5246 1668 5300 401.
1685 5253 1819 5300 cestrum.

1378 5331 1410 5399 t)
1428 5328 1666 5387 1116011191.
1687 5338 1809 5385 tantum.
