4748 6022
160 237 234 311 eos
506 296 515 310 ,
739 201 1620 306 uetsronauuu'nre.x1.1ste.
1788 194 1792 199 ’
2123 236 2227 310 wasos

167 403 250 483 tisse
266 401 443 478 iuniores,
471 418 561 490 quae
575 396 740 464 decuerat
760 415 840 473 eos,
875 406 909 462 et
931 415 1038 486 quam
1059 405 1160 483 pote·
1208 407 1262 463 cet
1281 394 1499 485 perspicuam
1524 409 1559 466 et
1583 395 1828 485 incurruptam
1854 397 2081 470 sententiam
2109 402 2229 473 coele-

97 498 102 517 ’
168 486 251 575 rant
264 514 450 595 praestare.
500 497 605 568 Nunc
631 495 813 579 dolemus,
845 493 984 586 aliquos
1007 494 1160 563 similem
1209 496 1270 565 stis
1283 495 1486 579 doctrinae,
1510 508 1546 566 et
1559 490 1844 588 Philosophiam:
1873 522 2087 592 speramus,
2111 504 2229 576 bonos

170 604 240 675 sibi
252 602 449 684 licentiam,
475 613 515 670 ut
531 612 653 682 antea,
679 619 828 679 sumere,
853 621 922 688 qua
939 596 978 664 in
992 619 1031 665 re
1045 609 1085 664 ut
1100 619 1161 664 co·
1208 597 1304 665 viros
1333 598 1544 688 probaturos
1575 620 1649 667 esse
1672 593 1768 669 hanc
1789 614 1948 671 nostram
1975 604 2228 684 sedulitatem.

168 706 283 799 gitent
304 717 338 773 et
360 705 403 771 de
427 724 490 771 suo
517 713 552 770 et
576 702 620 771 de
649 697 831 768 communi
854 691 962 766 huius
982 696 1106 788 oppidi
1127 710 1162 766 et
1208 696 1324 766 Deum
1340 712 1432 771 certe
1450 700 1657 769 ardentibus
1677 700 1769 770 votis
1785 726 1950 788 oramus,
1977 717 2017 774 et
2043 719 2091 776 ut
2113 726 2227 781 servet

168 802 296 879 harum
320 805 478 894 gentium
505 801 680 893 periculo,
715 799 1077 869 commonefaciendos
1102 820 1161 867 eos
1208 796 1401 868 Ecclesiam
1421 821 1540 884 suam,
1562 813 1598 870 et
1613 815 1654 872 ut
1671 804 1855 874 medeatur
1872 809 2144 879 communibus
2160 815 2225 882 rni-

169 901 326 977 essehoc
345 906 460 974 edicto
484 904 648 973 diximus.
698 901 789 972 Cum
813 899 851 967 in
878 901 1010 991 oppido
1034 900 1106 968 sint
1128 912 1161 969 et
1209 901 1320 973 seriis.
1372 899 1519 972 Rectius
1532 915 1585 973 est
1600 917 1717 973 autem
1733 904 1773 972 in
1788 901 1845 975 his
1866 908 1978 977 tantis
2002 912 2223 989 calamitati-

167 1009 299 1077 milites
323 1021 357 1077 et
377 1006 440 1074 alii
461 1004 656 1096 peregrini,
680 1017 874 1070 nocturnae
895 1002 1162 1070 vociferationes
1209 1004 1277 1072 bus
1295 1027 1313 1070 a
1332 998 1408 1071 Deo
1437 1026 1541 1095 opem
1567 1018 1703 1094 petere,
1734 1021 1768 1081 et
1790 1008 2012 1095 cogitatione
2038 1014 2221 1089 doctrinae

169 1123 204 1179 et
238 1108 510 1178 discursationes
544 1107 669 1196 plenae
699 1117 781 1172 sunt
813 1101 973 1193 periculi.
1041 1100 1162 1190 Quare
1209 1104 1349 1173 dolores
1370 1104 1505 1188 lenire,
1537 1130 1643 1197 quam
1666 1107 1724 1176 vel
1745 1108 1848 1179 irasci
1870 1108 1971 1196 Deo,
2007 1127 2046 1185 et
2071 1120 2220 1193 maledi.

114 1237 118 1254 ¹
167 1210 404 1307 praecipimus
437 1204 669 1287 scholasticis,
709 1228 755 1274 ne
784 1219 891 1272 noctu
920 1204 996 1272 sine
1022 1198 1161 1297 lychnis
1209 1228 1287 1274 cere
1311 1201 1535 1290 hominibus;
1575 1208 1652 1292 vel,
1682 1208 1826 1280 abiectis
1855 1213 2044 1284 doetrinae
2077 1223 2220 1306 studiis,

167 1324 357 1400 vagentur,
387 1323 421 1378 et
446 1334 501 1377 ne
516 1305 830 1377 vociferationibus
853 1304 993 1374 irritent
1014 1304 1072 1373 vel
1095 1298 1162 1373 lto·
1208 1307 1338 1376 frustra
1354 1308 1583 1392 tumultuari,
1606 1321 1641 1379 et
1657 1311 1839 1381 cumulare
1859 1314 2005 1402 publica
2019 1330 2053 1385 et
2070 1321 2217 1410 privata

168 1412 275 1503 spites
291 1412 345 1479 vel
361 1410 461 1489 alios.
514 1409 593 1499 lpsa
619 1432 681 1498 per
702 1431 738 1475 se
758 1407 953 1497 petulantia
974 1405 1089 1496 turpis
1112 1418 1163 1475 est
1209 1409 1318 1492 mala,
1350 1433 1429 1478 curn
1457 1409 1602 1504 quidem
1625 1411 1799 1503 sapientes
1823 1415 1891 1482 viri
1917 1419 2017 1507 apud
2036 1415 2212 1494 Ethnicos

168 1526 203 1582 et
216 1513 321 1601 digna
340 1535 464 1602 poena.
516 1511 584 1581 Sed
605 1534 700 1578 nunc
724 1521 868 1599 propter
890 1509 1019 1576 multas
1041 1530 1162 1576 causas
1209 1511 1414 1594 docuerint,
1440 1525 1514 1580 arte
1530 1512 1693 1582 ferendas
1709 1536 1782 1582 esse
1797 1539 1852 1585 res
1868 1518 2056 1604 adversas,
2077 1546 2206 1596 nema-

166 1614 398 1704 periculosior
415 1627 482 1695 est,
508 1637 612 1703 quarn
639 1610 706 1680 fnit
729 1623 831 1678 antea
855 1609 1056 1702 tranquillis
1072 1621 1162 1683 tem·
1208 1612 1285 1680 iora
1303 1612 1396 1681 mala
1419 1626 1572 1682 accersat
1593 1614 1814 1705 indignatio,
1843 1618 1945 1690 iuxta
1969 1614 2042 1692 hos
2065 1625 2205 1698 versieu.

86 1740 90 1759 ·
165 1714 324 1805 poribus.
392 1711 476 1785 ldeo
512 1712 730 1781 severissime
764 1711 1014 1802 praecipimus,
1056 1724 1095 1780 ut
1128 1723 1162 1780 et
1209 1714 1276 1784 los:
2151 1733 2153 1736 ’

165 1815 398 1891 modestiores
423 1814 495 1883 sint
516 1809 734 1896 scholastici,
763 1826 796 1879 et
820 1824 860 1880 ut
883 1813 978 1904 pacis
1001 1813 1162 1903 publicae
1293 1845 1358 1909 Καὶ
1379 1842 1425 1928 μή
1451 1841 1617 1932 mpla,
1638 1848 1719 1930 mg
1741 1847 1900 1934 προσάγω
1924 1851 2103 1940 πράγματι

165 1928 199 1987 et
226 1939 309 1986 suae
336 1916 591 1986 incolumitatis
619 1938 720 1984 causa
749 1913 862 1986 vitent
882 1938 1005 1982 omnes
1028 1915 1163 1985 tumul·
1294 1932 1463 2010 Xenone
1485 1927 1623 2015 ἑτέρους,
1652 1935 1728 2012 τοὺς
1750 1933 1982 2020 pgmympm
2005 1940 2102 2027 φέρε,

165 2032 267 2090 tuum
283 2016 494 2092 0⁶⁶28101188·
545 2014 657 2087 Baiae
676 2013 941 2088 3·F⁰bf·³¹¹¹¹⁰
963 2013 1072 2091 ¹548·
1212 2049 1339 2143 ltaque
1362 2053 1459 2144 quod
1490 2052 1643 2123 faustum
1675 2068 1710 2124 et
1733 2056 1818 2126 felix
1848 2059 1912 2143 sit,
1955 2057 2044 2130 Deo
2073 2063 2221 2146 iuvante,

1210 2154 1370 2246 proxime
1389 2153 1446 2222 die
1471 2154 1619 2244 septimo
1638 2153 1824 2230 Februarii
1845 2160 2068 2232 testimonia
2092 2169 2219 2236 studio-

1210 2281 1290 2325 rum
1309 2256 1506 2325 tribuemus
1522 2255 1658 2348 aliquot
1674 2253 1831 2329 honestis
1849 2262 1961 2348 viris,
1998 2265 2135 2360 eisque
2156 2270 2218 2337 usi·

164 2349 361 2426 N0‚4145,
986 2444 988 2446 .
1022 2362 1056 2424 5·
1074 2356 1162 2420 Febr.
1211 2369 1282 2427 tato
1304 2381 1401 2426 more
1425 2359 1655 2426 decernemus
1682 2361 1830 2449 gradum
1856 2361 2078 2453 Magisterii
2105 2365 2218 2439 Philo-

170 2448 342 2483 Μ
513 2502 561 2585 Α
618 2501 649 2585 d
727 2507 775 2584 .C.
1019 2449 1159 2476 Μ
1210 2453 1368 2550 sophici‚
1403 2481 1444 2528 ac
1468 2459 1586 2529 Deum
1610 2484 1770 2548 oramus,
1802 2475 1898 2533 utet
1928 2463 2077 2538 hortem
2102 2472 2216 2558 studit,

563 2531 615 2586 θα
650 2532 730 2585 cml
758 2530 810 2591 ’δ’
1210 2573 1246 2629 et
1267 2581 1350 2644 nos,
1378 2573 1412 2630 et
1430 2555 1624 2628 Ecclesiam
1645 2556 1751 2632 huius
1774 2566 1918 2656 oppidi,
1947 2570 2214 2644 clementerre·

232 2645 339 2719 Scripta
356 2646 431 2719 pust.
450 2644 484 2701 T·
498 2643 519 2702 l·
538 2664 565 2717 t·
580 2645 665 2700 ⁴⁰³b·
1209 2674 1284 2750 gat,
1309 2673 1343 2731 et
1361 2662 1534 2730 custodiat
1547 2656 1633 2731 haee
1649 2666 1843 2753 tuguriola,
1873 2668 1913 2736 in
1934 2672 2084 2763 quibus
2109 2688 2145 2746 et
2162 2679 2213 2745 do-

163 2775 514 2876 DecanusCollegir'
519 2773 780 2877 Philosophia
786 2775 1041 2878 Philippus
1058 2775 1116 2850 M
1119 2803 1161 2848 e·
1209 2763 1320 2879 ⁰¹5⁰?
1348 2777 1578 2852 Pf⁰P³8³l¹¹f2
1620 2778 1762 2883 ⁰l1¹⁰lss
1785 2768 1996 2842 0ff⁰t¹¹1¹l¹¹r
2023 2771 2129 2847 Filio
2149 2775 2211 2859 Del.

362 2878 564 2955 lautho„
595 2878 814 2954 fictoribus
839 2880 879 2957 S,
905 2879 960 2952 1),
1208 2861 1364 2959 Domrno
1379 2879 1499 2934 nostro
1519 2861 1546 2937 l.
1560 2861 1621 2947 C.,
1647 2868 1811 2937 crucifixo
1825 2894 1891 2960 pro
1920 2875 2041 2944 nobis
2064 2892 2103 2949 et
2125 2904 2208 2949 resu.

296 3037 305 3054 ,
398 3037 436 3055 ..
532 3037 541 3053 ,
647 3035 655 3051 ‚
1207 2965 1352 3051 scitato,
1383 2965 1535 3060 utipse,
1569 2989 1649 3034 cum
1671 2968 1716 3038 sit
1736 2966 1854 3062 ἱκέτης
1876 2969 1948 3045 καὶ
1978 2975 2206 3073 αεσίτηςρω

164 3022 327 3106 Ecclesia
342 3034 410 3106 Der
425 3049 518 3106 mter
531 3060 761 3127 rmpcrrorum
782 3035 976 3116 tumultus,
1002 3049 1042 3106 ut
1061 3061 1159 3131 cyrn-
1206 3044 2016 3164 nobis,perferateaadaerernumpatre11'2‚
2045 3085 2204 3153 utinm

163 3136 207 3206 ba
223 3138 261 3206 in
276 3139 463 3222 fluctibus,
489 3138 655 3216 iactatur,
681 3150 722 3206 ut
740 3160 841 3226 saepe
855 3136 1054 3225 significant
1068 3139 1158 3207 ima·
1204 3182 1278 3239 stro
1297 3183 1398 3239 eoem
1414 3168 1518 3237 etiam
1538 3169 1725 3259 colligam,
1737 3185 1773 3242 et
1789 3194 2039 3252 conservetur
2057 3208 2138 3257 vm
2148 3181 2202 3256 Et·

163 3238 261 3325 gines
284 3239 322 3306 in
344 3236 540 3328 Evangelio
564 3238 776 3330 propositae:
813 3252 848 3308 et
871 3239 1027 3331 quaesit
1052 3264 1155 3310 causa
1205 3269 1323 3339 desi,
1376 3268 1565 3342 Diepebn
1582 3268 1618 3341 5,
1646 3270 1757 3347 1543·

164 3351 343 3408 tantarum
370 3341 606 3411 calamitatum
634 3341 771 3429 generis
798 3335 966 3424 humani,
996 3341 1155 3410 coelestis

162 3439 323 3509 doctrina
338 3440 493 3530 exponit.
543 3438 634 3510 Cum
648 3454 765 3509 autem
789 3441 883 3509 inter
903 3442 976 3533 ipsa
998 3443 1158 3534 pericula

162 3554 276 3610 servet
290 3536 387 3609 Deus
401 3537 595 3609 Ecclesiam
617 3564 734 3623 suarn,
758 3565 979 3635 nequaquam
994 3545 1071 3614 vult
1089 3568 1154 3614 nos

75 3663 83 3677 ’
162 3642 278 3712 studia
294 3643 476 3711 doctrinae
500 3639 649 3710 abiicere
673 3658 817 3730 propter
836 3656 1035 3734 temporum
1060 3646 1154 3714 ‹tiss-
1207 3605 1276 3727 ,N⁰·
1297 3606 1411 3731 ωδ·
2052 3628 2186 3749 Q
2254 3742 2255 3746 Ἰ

163 3743 321 3815 cultates.
373 3742 449 3812 lmo
466 3756 550 3812 tunc
567 3756 601 3811 et
618 3742 771 3810 remedia
797 3766 815 3809 a
838 3744 999 3813 doctrina
1025 3762 1155 3835 petere,
1504 3799 1511 3814 .
1659 3754 1678 3820 ’.
1829 3799 1837 3816 .

163 3855 197 3913 et
212 3844 423 3932 cogitatione
442 3843 687 3935 promissionis
703 3843 845 3912 divinae
869 3847 1057 3915 accendere
1072 3864 1153 3918 vota
1204 3931 1208 3940 Ι
1386 3793 1566 3882 Testlm·
1595 3796 1825 3885 Lemhdw
1852 3800 2041 3898 wum-

162 3945 278 4029 iubet,
312 3956 346 4012 et
369 3945 447 4014 vult
471 3945 605 4013 maiore
631 3969 713 4014 cura
737 3946 924 4036 propagari
947 3949 1156 4034 doctrinam,
1269 3962 1492 4036 'suxspogetn
1506 3970 1567 4025 eod.
1585 3971 1742 4030 Getutot.
1759 3992 1788 4047 p.
1803 3976 1890 4033 262b.

162 4059 202 4116 ut
219 4049 264 4116 acl
285 4060 445 4137 posteros
467 4046 660 4136 perveniat.
712 4045 759 4116 Et
784 4048 990 4136 pollicetur,
1015 4049 1155 4121 labores
1656 4120 1664 4138 ,
1758 4121 1766 4140 ,

161 4162 301 4219 nostros
315 4173 387 4217 non
406 4149 481 4216 fore
498 4148 659 4216 inutiles:
690 4143 709 4218 ὃ
726 4141 838 4228 κόπος
861 4144 971 4242 ὑμῶν
985 4147 1055 4223 οὐκ
1078 4149 1154 4223 ἔστι
1540 4116 1856 4220 (mmmm)

161 4245 266 4329 κενὸς
288 4249 328 4320 ἐν
350 4244 480 4345 Κυρίῳ
501 4245 552 4340 *),
594 4249 694 4342 quasi
717 4250 826 4318 dicat:
867 4252 1004 4321 etiamsi
1037 4249 1154 4322 horni-
1201 4229 1375 4315 Decimus
1392 4249 1531 4339 collegii
1550 4247 1792 4349 philosophici
1807 4258 1846 4327 iu
1862 4254 2077 4342 Academia
2094 4272 2200 4344 Wite·

161 4374 249 4417 num
276 4351 418 4420 iudiciis
445 4351 560 4422 studia
587 4364 670 4420 sunt
702 4348 947 4442 intempestiva
983 4368 1018 4424 et
1045 4355 1156 4424 inuti·
1201 4345 1383 4435 bergensi,
1408 4342 1608 4448 Philippus
1627 4350 1876 4444 Melanthea,
1906 4363 1947 4438 S.
1965 4366 2018 4443 D.
2047 4377 2199 4445 omnibus

162 4451 225 4518 lia:
252 4463 367 4520 tamen
382 4450 458 4522 Deo
473 4476 576 4523 curae
592 4453 670 4535 erit,
693 4466 730 4522 ut
747 4452 820 4522 sint
833 4454 1011 4527 salutaria.
1062 4454 1153 4525 Cum
1201 4446 1345 4518 lecturis
1369 4445 1433 4519 has
1456 4453 1583 4522 literas.
1634 4455 1764 4530 Petivit
1786 4485 1804 4530 a
1827 4464 1933 4533 nobis
1957 4476 2201 4548 testimonium

45 4621 47 4624 ,
163 4550 271 4638 igitur
284 4546 351 4619 hae
368 4577 470 4621 verae
490 4577 612 4630 causae
630 4578 695 4622 nos
712 4568 896 4635 moveant,
922 4579 967 4624 ne
990 4558 1153 4627 exercitia
1201 4549 1245 4617 de
1261 4551 1335 4620 suis
1348 4553 1494 4636 studiis,
1520 4557 1682 4629 moribus
1707 4575 1742 4631 et
1764 4566 1875 4651 gradu
1893 4563 2088 4659 Magister
2103 4574 2202 4650 Merr-

161 4651 317 4720 literaria
333 4653 555 4731 omittamus,
580 4668 616 4725 et
636 4669 788 4739 constet,
818 4658 861 4724 de
883 4657 988 4725 rebus
1010 4658 1154 4749 optimis
1202 4644 1472 4735 tusLer'nholt,
1498 4653 1821 4752 Hamelburgensis.
1874 4664 1914 4734 ld
1932 4671 1966 4738 ei
1983 4698 2136 4752 summa
2150 4705 2204 4750 vo-

159 4753 253 4824 tradi
267 4752 465 4823 doctrinam
482 4780 501 4824 a
517 4757 622 4826 nobis
639 4758 807 4828 mediocri
827 4758 1032 4846 diligentia,
1058 4761 1154 4829 scili·
1199 4752 1336 4852 luntate
1351 4754 1619 4846 impertivimus.
1670 4761 1761 4834 Cum
1775 4765 1921 4835 enimin
1936 4780 2135 4853 academia
2150 4808 2205 4852 no.

1201 4867 1270 4922 stra
1300 4856 1440 4926 circiter
1465 4863 1740 4954 quadriennium
1774 4867 1812 4936 in
1848 4872 1990 4970 studiis!
2023 4883 2207 4957 doctrinae

1200 4969 1357 5025 versatus
1373 4960 1436 5044 sit,
1461 4967 1716 5055 comperimus,
1736 4968 1811 5038 eius
1824 4970 1988 5044 indolem
2011 5005 2098 5056 esse
2112 4991 2156 5058 ad
2170 4989 2207 5057 li·

193 5074 221 5144 *l
237 5073 769 5143 llaeeverbalegunturlcor.15,68.
786 5087 813 5131 et
833 5074 860 5130 in
876 5077 1151 5148 EpigrammattMet,
1201 5069 1292 5126 teras
1309 5073 1342 5128 el
1367 5062 1411 5130 ad
1436 5063 1601 5134 virtulem
1626 5069 1808 5153 idoneam,
1834 5086 1866 5143 el
1889 5098 2017 5151 mores
2045 5089 2129 5158 eius
2150 5086 2206 5160 ho.

227 5141 574 5268 :lquqult'lraqqii'igql.21b.
596 5143 626 5199 iu
646 5144 850 5213 pentametrum
869 5145 1006 5231 Graecum
1032 5149 1151 5207 stlati-
1198 5173 1318 5228 msto„
1343 5185 1425 5233 esse·
1484 5163 1645 5261 Cumque
1672 5171 1830 5258 linguam
1863 5175 2024 5252 latinam
2056 5193 2209 5263 studim?

164 4954 367 4970 0—ss

1025 5338 1028 5354 ἱ
1198 5259 1397 5341 didicisset,
1429 5265 1565 5358 aliquid
1591 5294 1717 5359 operae
1741 5287 1776 5343 et
1795 5298 1940 5362 graecae
1963 5282 2129 5377 linguae
2152 5295 2206 5367 tri.

257 5383 322 5436 Nan
334 5385 417 5436 tator
427 5387 457 5437 ta
472 5383 600 5437 Domus
613 5390 707 5436 vereor
718 5382 813 5436 mane
826 5384 887 5441 ent.
907 5381 1017 5451 [Luae]
1197 5360 1295 5446 buit,
1319 5377 1357 5436 ut
1374 5365 1509 5437 aditum
1531 5368 1599 5439 sibi
1617 5375 1660 5440 ad
1685 5370 1952 5468 philosophiam
1977 5399 2208 5478 patefaceret.

252 5309 346 5381 Ὑμαῖν
359 5312 390 5366 fr
401 5317 486 5385 κυρίῳ
500 5310 535 5367 od
547 5309 633 5374 κόπος
644 5312 702 5368 ἔστι
714 5310 801 5374 κενός.
