4748 6022
818 204 1262 284 rr1sronartu1u
1316 184 1429 286 'nra
1461 208 1507 286 x.
1560 190 1697 285 eser.

331 410 367 425 ·-
384 378 504 450 Epistola
521 380 549 431 in
569 372 729 449 apographis
743 382 782 427 est
798 374 909 456 quidem
923 375 956 428 ab
970 392 1016 456 eq,
1043 392 1112 457 quae
1126 374 1230 430 Pence·

331 469 379 504 rus
391 448 474 502 edidit
491 446 583 516 aliquo
598 444 682 526 modo
695 442 817 525 diversa,
835 456 861 498 et
872 453 953 525 ettam
967 442 1021 497 alro
1037 443 1080 496 dre
1097 442 1168 513 data,
1184 443 1231 498 sed

333 528 423 572 tamen
462 515 559 584 uisque
579 513 658 567 sacsle
679 521 822 583 persprcrt,
847 512 990 584 epsstolam
1003 530 1062 565 esse
1075 521 1231 594 unamttan·

331 596 390 639 tum
405 536 557 655 eodemque
571 581 615 635 die
629 581 765 650 scriptam.
792 580 943 649 Quomodo
958 589 1047 635 autem
1059 579 1125 635 haec
1137 582 1231 635 derer-

333 651 396 708 litas
409 662 498 706 exorta
512 653 559 716 sit,
580 649 693 703 definire
708 650 789 717 nolo,
800 651 861 731 'nisi
879 652 916 703 ris
930 649 1054 731 opinari,
1074 650 1229 731 Melantho-

331 742 395 776 nem
416 720 493 774 binas
514 720 634 774 eiusdem
655 729 807 789 arguments
822 720 911 774 literas
923 736 1028 773 mrsrsse
1047 738 1094 788 per
1109 720 1231 772 drrersos

330 790 495 845 tabellarios.

228 946 456 1025 Clarissimo
472 944 567 1030 viro,
593 940 842 1015 eruditiones!
864 943 993 1014 virtute
1009 941 1231 1042 praestanti,

229 1050 345 1126 Dom.
372 1045 489 1142 Mag.
514 1043 668 1117 Paulo
695 1044 866 1127 Edere,
909 1046 1086 1116 amicost
1105 1047 1232 1146 fratri

664 1172 732 1217 suo
751 1146 791 1241 ¹).

227 1283 275 1374 S.
301 1300 345 1372 D.
398 1297 504 1369 Petiit
530 1297 585 1365 vir
602 1296 816 1366 clarissimus
830 1294 933 1366 Doct.
949 1290 1168 1382 Plicordus,
1190 1312 1231 1367 ut

227 1402 373 1473 Ascanii
391 1399 581 1490 ¹principes
611 1399 805 1468 scriberent
836 1400 881 1466 ad
903 1398 1036 1489 Lipsici
1061 1400 1229 1490 praesidii

228 1505 442 1598 praelectum
459 1504 503 1570 de
522 1502 713 1570 emittenda
729 1501 878 1588 coniuge
896 1515 974 1591 post
990 1502 1229 1592 puerperium.

228 1605 299 1677 Eas
313 1602 343 1700 ²)
359 1605 489 1685 literas,
516 1617 555 1673 ut
574 1599 738 1672 exhibeas
754 1601 800 1672 D.
814 1596 992 1671 Plicordo
1008 1598 1053 1693 ³),
1074 1619 1106 1673 te
1122 1604 1229 1672 etiam

227 1725 333 1801 atque
348 1707 453 1776 etiam
468 1728 550 1788 oro,
576 1728 615 1774 ac
630 1699 719 1772 mihi
735 1705 865 1774 diserte
882 1705 1069 1791 rescribas,
1094 1730 1141 1774 an
1158 1707 1227 1775 sint

228 1805 413 1881 exhibitae.
465 1805 582 1876 Mittit
605 1821 639 1875 et
655 1800 871 1874 Marcellus
894 1808 1071 1899 reliquam
1094 1821 1229 1898 partem

228 1911 350 2002 scripti
366 1906 413 2001 ⁴),
454 1910 550 1999 quod
577 1908 615 1974 iu
639 1907 791 1975 latinum
816 1932 1014 1977 sermonem
1038 1910 1230 1989 transtulit,

228 2035 335 2105 quam
350 2009 451 2079 dabis
465 2004 556 2079 Viso
570 2004 803 2103 typographo.
818 2035 821 2041 ·
854 2006 945 2079 Ecce
963 2025 1080 2080 autem
1098 2012 1230 2103 episto-

227 2116 299 2183 lam
317 2113 482 2203 scriptam
502 2110 541 2183 ἐν
558 2117 605 2203 τῇ
620 2106 818 2209 μαργίτων
832 2104 933 2182 πόλει
947 2108 975 2207 ⁵)
999 2138 1089 2206 quae
1107 2115 1230 2184 recitat

228 2236 420 2287 sarcasmos
443 2214 735 2283 venenatissimos
756 2209 915 2285 bominis
939 2214 1069 2304 ingrati
1084 2211 1132 2310 ⁶),
1157 2241 1231 2286 κω-

226 2311 411 2410 μάζοντος
435 2313 509 2385 ἐκεῖ
529 2311 592 2385 καὶ
619 2309 879 2400 παιανίζοντος
901 2311 959 2386 ἐπὶ
978 2319 1060 2396 ταῖς
1082 2340 1232 2412 συμφο-

122 2469 131 2489 .
229 2421 312 2515 potis
328 2422 393 2509 τῆς
410 2409 561 2496 ἑλλάὸος
577 2413 617 2511 ⁷).
657 2415 726 2485 Sed
745 2417 843 2485 dabit
860 2415 957 2487 Deus
976 2420 1080 2487 nobis
1094 2420 1230 2512 aliquid

226 2521 316 2591 honi
336 2543 400 2609 pro
423 2531 520 2605 tanta
542 2517 730 2587 acerbitate
755 2519 1017 2606 conviciorum,
1050 2535 1090 2591 ut
1114 2519 1229 2592 David

229 2622 369 2691 dicebat
381 2614 423 2709 ⁸).

226 2732 232 2751 ¹
331 2720 371 2793 Si
391 2719 566 2811 pagellam
585 2721 805 2792 dialecticam
824 2724 977 2793 absolvit
994 2717 1176 2820 Iosephus
1191 2719 1231 2818 ⁹),

228 2823 330 2893 mitte
352 2823 530 2912 specimen
544 2818 599 2915 ¹⁰).
652 2819 818 2894 Attexere
841 2826 937 2893 enim
954 2827 1058 2917 cupio
1079 2821 1126 2896 coi
1146 2821 1230 2898 ἑπό-

227 2947 335 3019 μενα.
385 2920 465 2992 Etsi
487 2923 764 3017 enimtempore
790 2924 880 2995 mihi
903 2928 1026 2998 crescit
1042 2929 1230 3013 moestitia,

227 3040 268 3097 ut
283 3037 446 3095 crescunt
459 3026 552 3094 mala
566 3028 708 3117 publica
725 3030 900 3120 quotidie:
934 3042 1054 3098 tamen
1071 3031 1231 3099 scriben-

228 3131 275 3198 do
296 3126 485 3197 abducitur
508 3124 677 3197 nonnihil
698 3154 799 3198 mens
823 3155 842 3198 a
864 3144 1051 3221 conspectu
1069 3133 1230 3202 tristissi-

228 3252 288 3297 mo
316 3228 539 3319 publicarum
571 3232 828 3316 calamitatum,
863 3256 950 3325 quas
973 3234 1111 3302 utinam
1133 3232 1230 3304 Deus

229 3330 377 3418 mitiget.
428 3327 517 3397 Heri
542 3328 630 3399 mihi
645 3332 816 3425 Princeps
832 3328 1006 3403 Ascanius
1024 3336 1154 3404 lactum
1173 3360 1230 3405 so-

231 3431 370 3499 mnium
386 3430 556 3511 narravit,
583 3436 677 3522 quod
698 3461 815 3505 coram
833 3437 1001 3508 recitabo.
1039 3434 1135 3506 Bene
1153 3440 1231 3507 vale

229 3546 264 3601 et
277 3531 453 3603 rescribe·
493 3528 560 3600 Die
579 3536 639 3605 22.
656 3534 791 3609 Martii.

262 3720 292 3788 1)
310 3718 430 3774 Renum
442 3720 649 3793 inscriptionem
666 3725 782 3780 serravit
798 3725 860 3781 cod.
875 3726 959 3796 Lang.

260 3806 290 3872 2)
309 3806 384 3871 Eas]
402 3807 483 3862 codd.
500 3808 584 3862 Goth.
600 3810 659 3865 191.
677 3812 723 3868 Et.

261 3887 291 3961 d)
315 3889 449 3944 Videlicet
471 3890 613 3945 Plicardus
637 3896 797 3950 versabatur
818 3898 866 3952 illo
890 3907 1013 3971 tempore
1036 3899 1228 3975 Witebergae,

297 3959 458 4013 Melanthon
475 3969 564 4013 autern
580 3963 728 4019 Serrestae.

260 4044 292 4113 4)
309 4042 410 4115 Scripti
426 4046 698 4115 contemnente.

261 4130 292 4196 5)
311 4130 329 4184 i.
343 4149 366 4184 e.
381 4128 512 4185 Berolioi.

259 4211 296 4281 6)
313 4213 353 4271 lo.
370 4212 523 4284 Agricolae.
600 4232 606 4241 ·

262 4297 290 4366 7)
310 4300 328 4351 i.
343 4319 366 4354 e.
381 4298 543 4354 Academiae
560 4302 782 4371 Witebergensis
796 4315 821 4357 et
837 4305 1032 4379 Melantbonis,
1051 4331 1130 4382 quern
1144 4313 1228 4384 Agri·

297 4366 359 4421 cola
373 4368 543 4423 Graeculum
556 4369 660 4424 solebat
670 4372 814 4443 appellare.

263 4451 292 4517 8)
311 4450 415 4505 Verba:
446 4456 515 4508 Esse
536 4465 633 4508 autem
654 4458 857 4521 epistolom‚-
877 4487 909 4500 -
931 4460 1029 4514 Dauid
1050 4467 1172 4533 dicebat,
1197 4465 1227 4520 io

297 4528 414 4588 utroque
425 4522 521 4577 codice
534 4544 590 4578 non
607 4524 744 4594 leguntur.

262 4604 292 4675 9)
311 4603 443 4674 Iosephus
457 4606 545 4676 Klug,
561 4610 746 4682 typographus
760 4610 886 4667 Witteb.

264 4688 312 4755 10)
329 4685 362 4739 ln
376 4696 491 4758 utraque
503 4691 597 4746 codice
611 4693 675 4747 haec
688 4705 714 4747 et
747 4714 796 4748 uae
807 4703 958 4766 sequuntur
969 4696 1008 4751 sie
1021 4715 1078 4751 sese
1091 4697 1208 4752 babent:

333 4754 383 4827 „Si
394 4754 534 4837 Iosephus
546 4760 676 4829 pagellam
689 4762 718 4815 in
728 4714 879 4819 dialecticis
891 4764 1018 4833 absolvit,
1040 4766 1126 4823 mitte.
1155 4768 1226 4821 Nam

296 4823 376 4881 atteri
394 4821 430 4877 sd
450 4825 575 4895 inopere
595 4830 667 4895 [cod.
682 4830 765 4904 hang.
783 4830 941 4905 ἐπώνυμα)
977 4835 1130 4904 llloestitia,
1157 4856 1228 4909 quae

297 4892 400 4977 alioqui
418 4904 541 5015 temp-ore
560 4898 671 4977 crescit,
697 4903 821 4985 nonnihil
841 4904 908 4986 mihi
919 4913 945 4957 et
960 4904 1123 4985 cogitatione
1135 4906 1227 4977 philo-

295 4961 406 5085 qoplpae
424 4973 474 5085 etd
488 4982 509 5016 rs
526 4970 755 5088 qonpnspavpbqs
769 4973 963 5093 scrrptsombps
978 4972 1166 5099 lenrtup.rb1le
1179 4994 1227 5097 pe-

297 5042 445 5155 trata,
462 5050 1227 5182 rssll‘.l.m‘¹rill⁰l.5i”1j¹'.¹.&diffisi'dibi

296 5169 373 5243 quod
392 5168 514 5238 quotidie
538 5182 614 5240 peto,
639 5172 783 5254 horribiles
799 5180 926 5232 tenebrae
941 5191 967 5233 et
983 5177 1133 5252 συγχύσεις
1146 5203 1226 5238 secu·

296 5247 373 5293 turae
391 5249 467 5293 sunt.
503 5237 658 5309 Pugnemus
680 5251 760 5311 sgstur
778 5255 805 5298 et
819 5246 974 5316 precatione
992 5260 1019 5303 et
1031 5252 1144 5308 eruditis
1156 5251 1226 5307 seri-

295 5306 360 5431 ffi’
371 5306 517 5389 ”Salutem
532 5319 598 5380 opto
612 5314 763 5367 reverendo
778 5312 813 5368 D.
828 5314 941 5371 Pastori.
976 5316 1051 5373 Bene
1066 5322 1127 5376 vale
1141 5322 1169 5375 d.
1182 5322 1225 5376 tt.

359 5386 389 5430 tu
412 5376 489 5432 1547.
1034 5386 1085 5443 Ph.
1100 5390 1158 5445 M.”

1282 379 1350 454 No.
1366 379 1479 456 3789.

1288 477 1461 507 Μ

1579 582 1639 671 Μ.
1662 581 1977 697 Meienhttrgio.

1349 758 1434 832 Epist.
1442 759 1489 819 lib.
1497 760 1566 832 V.p.
1574 762 1625 818 568
1633 783 1673 837 sq.
1690 765 1779 819 Antea
1785 765 1838 819 iarn
1849 763 1921 819 edita
1934 763 1964 820 in
1971 765 2069 821 Manlii
2078 766 2180 842 farrag.
2190 789 2217 842 p.
2224 772 2287 831 853.

1380 857 1415 869 -
1433 830 1618 904 Apograpbon
1635 832 1665 887 in
1678 834 1739 890 cod.
1755 837 1839 907 Lang.
1859 854 1886 907 p.
1900 835 1953 889 899
1964 854 2025 908 sqq.

1306 998 1548 1077 Michaeli
1573 1003 1922 1102 Meiendurgt'o,
1955 1004 2259 1088 Consuls'Nort-

1705 1103 1862 1181 bosono.

1280 1236 1322 1329 S.
1348 1256 1393 1327 D.
1444 1256 1586 1332 Clariss.
1603 1273 1637 1330 et
1659 1255 1906 1331 honestissime
1921 1264 1994 1347 vir,
2019 1280 2056 1336 et
2070 1271 2179 1339 amice
2195 1269 2286 1345 cha-

1279 1361 1428 1429 rissime.
1480 1360 1602 1431 Toties
1619 1359 1645 1458 ¹)
1668 1364 1888 1453 praedictum
1906 1380 1958 1435 est
1974 1391 2047 1436 non
2063 1369 2100 1438 iu
2114 1373 2283 1447 fanaticis

1280 1463 1474 1547 vaticiniis,
1498 1466 1559 1532 sed
1579 1464 1616 1532 in
1634 1488 1714 1535 vere
1731 1466 1862 1534 divinis
1877 1469 2039 1555 oraculis,
2064 1471 2103 1539 in
2117 1467 2183 1545 hac
2198 1478 2281 1569 ipsa

1280 1565 1406 1632 mundi
1429 1579 1585 1645 senecta,
1618 1567 1657 1635 in
1680 1592 1785 1658 quam
1808 1568 2016 1657 incidimus,
2040 1575 2189 1647 maiores
2207 1578 2280 1649 im-

1280 1667 1461 1757 periorum
1486 1682 1520 1736 et
1539 1663 1716 1737 Ecclesiae
1739 1671 1964 1740 confusiones
1984 1670 2011 1767 ²)
2035 1676 2174 1747 futuras
2194 1704 2279 1766 esse,

1281 1793 1388 1861 quam
1411 1770 1558 1838 fuerunt
1580 1784 1693 1840 antea.
1746 1770 1859 1864 quue
1874 1775 1989 1844 voluit
2005 1773 2102 1847 Deus
2119 1804 2283 1871 praemo-

1277 1893 1385 1961 nere,
1412 1884 1452 1939 ut
1466 1872 1576 1940 simus
1591 1873 1836 1963 diligentiores
1852 1875 1890 1942 in
1905 1881 2107 1968 quaerenda
2125 1886 2284 1971 veritate,

1280 1985 1314 2039 et
1338 1972 1529 2057 firmiores,
1565 1987 1598 2042 et
1619 1989 1778 2065 petamus
1803 1992 1837 2046 et
1861 1980 2081 2070 expectemus
2106 1987 2281 2057 auxilium

1280 2071 1359 2146 Dei.
1411 2072 1489 2143 Etsi
1513 2076 1621 2164 igitur
1633 2068 1812 2147 'terribilis
1827 2092 1879 2148 est
1894 2082 2033 2173 aquilae
2048 2087 2221 2158 adventus
2236 2087 2282 2183 3);

1280 2188 1398 2246 tamen
1422 2201 1489 2245 nos
1512 2179 1737 2249 consolemur
1753 2181 1933 2269 agnitione
1948 2181 2036 2270 Dei,
2065 2191 2283 2263 conscientia

1281 2293 1396 2349 rectae
1432 2279 1641 2371 voluntatis,
1690 2284 1787 2375 quod
1821 2286 2062 2376 quaesivimus
2088 2294 2284 2383 veritatem,

1282 2394 1316 2449 et
1339 2403 1398 2471 spe
1420 2381 1543 2450 auxilii
1563 2384 1678 2451 divini
1694 2408 1759 2453 nos
1776 2400 2011 2457 sustentemus
2029 2385 2071 2486 ⁴),
2124 2394 2198 2465 Nec
2214 2400 2284 2469 du.

1280 2482 1374 2563 bito,
1414 2496 1635 2554 servaturum
1664 2511 1737 2556 esse
1765 2487 1880 2557 Deum
1907 2485 2098 2579 Ecclesias,
2141 2499 2281 2569 etiamsi

1281 2584 1392 2676 aliqui
1425 2608 1467 2653 ex
1490 2587 1594 2655 nobis
1618 2612 1757 2658 crucem
1780 2604 1851 2659 utra
1876 2617 1956 2660 cum
1980 2590 2138 2688 Cyreneo
2164 2616 2282 2690 gesta-

1281 2686 1383 2755 bunt.
1433 2682 1510 2774 Ego
1531 2689 1636 2776 longe
1657 2693 1768 2780 magis
1785 2692 1880 2762 inter
1896 2708 2034 2766 nostros
2048 2699 2198 2770 interfici
2214 2731 2280 2774 vo-

1281 2789 1337 2871 lo,
1365 2812 1470 2880 quam
1494 2814 1574 2857 cum
1598 2792 1669 2859 illis
1684 2816 1756 2862 esse
1775 2796 2003 2883 coniunctus,
2029 2826 2182 2891 quorum
2199 2807 2281 2875 talis

1282 2904 1332 2958 est
1354 2890 1536 2974 voluntas,
1567 2893 1682 2983 qualis
1702 2910 1754 2966 est
1777 2890 1884 2966 huius
1905 2903 2011 2970 vestri
2027 2900 2058 2997 ⁵)
2079 2905 2185 2991 ciris,
2218 2909 2281 3001 qui

1281 2991 1419 3083 scripsit
1434 2992 1630 3082 epistolam,
1653 3021 1760 3087 quam
1777 2992 1865 3091 huic¹
1878 2995 2017 3072 chartae
2036 3005 2174 3079 inclusi.
2201 3009 2283 3080 Sta-

1281 3094 1343 3163 tim
1363 3089 1568 3164 aPaschate
1591 3098 1719 3167 advos
1741 3101 1913 3190 proficisci
1937 3129 2016 3174 cum
2041 3107 2114 3176 lilio
2132 3112 2280 3198 decrevi,

1281 3195 1349 3263 nisi
1366 3188 1398 3286 6)
1420 3197 1460 3263 in
1484 3197 1553 3265 viis
1575 3199 1773 3288 periculum
1794 3205 1870 3276 erit.
1931 3205 1971 3277 Si
1996 3203 2114 3279 hostes
2136 3216 2281 3305 propius

1281 3298 1506 3384 accesserint,
1537 3299 1652 3369 filium
1674 3327 1819 3394 possum
1841 3306 1880 3374 in
1902 3309 2055 3379 vicinam
2080 3311 2282 3385 Marchiam

1281 3400 1326 3467 ad
1351 3399 1471 3468 fideles
1492 3414 1526 3468 et
1542 3419 1742 3494 perspectos
1758 3408 1889 3477 amicos
1905 3411 2065 3495 mittere,
2093 3416 2147 3482 vel
2163 3418 2200 3483 in
2215 3445 2281 3509 op-

1280 3502 1364 3592 pida
1388 3501 1497 3571 Ducis
1515 3495 1696 3595 Lignict't'.
1743 3502 1821 3596 Ego
1841 3534 1897 3576 me
1920 3512 1957 3576 in
1981 3510 2179 3582 biarchiam
2205 3543 2283 3587 non

1281 3604 1472 3688 conferam,
1498 3605 1563 3673 etsi
1576 3602 1603 3696 ⁷)
1619 3619 1776 3675 amanter
1791 3632 1927 3679 mecum
1942 3612 2081 3681 loeutus
2095 3628 2145 3683 est
2159 3611 2286 3686 Mar-

1281 3697 1364 3772 cln'o
1385 3728 1518 3795 nuper,
1545 3718 1585 3775 ut
1603 3700 2028 3806 inDFrancosqrdianom
2046 3711 2282 3790 Academiam

1281 3830 1336 3875 me
1367 3806 1573 3878 conferrem.
1635 3806 1731 3877 Deus
1761 3805 1846 3881 haec
1870 3816 2028 3903 pericula
2054 3822 2282 3908 gubernabit,

1281 3921 1315 3977 et
1331 3924 1371 3978 ut
1384 3907 1574 3997 gubernet,
1600 3921 1675 3979 toto
1695 3935 1777 3979 eum
1793 3928 1933 4005 pectore
1947 3944 2022 3988 oro.
2076 3919 2196 4009 Quem
2217 3949 2279 3994 oro

1281 4010 1403 4093 etiam,
1429 4021 1470 4078 ut
1491 4033 1555 4079 vos
1579 4023 1614 4081 et
1637 4027 1772 4082 vestros
1788 4024 1901 4088 serret
1920 4021 2127 4095 incolumes.
2179 4023 2278 4095 Bene

1280 4123 1313 4181 et
1336 4108 1487 4180 feliciter
1512 4112 1638 4187 valete.
1691 4115 1759 4185 Die
1775 4102 1909 4208 Agonis
1927 4120 2012 4191 Filii
2027 4126 2094 4196 Dei
2113 4128 2156 4194 ad
2176 4152 2281 4197 mon-

1247 4215 1250 4221 '
1280 4226 1350 4281 tem
1377 4213 1524 4300 oliveti,
1555 4216 1594 4284 in
1621 4241 1691 4309 quo
1719 4242 1784 4308 pro
1809 4223 1913 4293 nobis
1934 4241 2116 4298 aeternum
2137 4225 2279 4300 Patrem

1278 4312 1442 4407 prec'atus
1460 4331 1523 4390 est.
1841 4322 1854 4353 ⁸

1332 4416 1466 4511 Scripsi
1487 4422 1531 4489 ad
1547 4412 1733 4487 Andream
1756 4421 1795 4490 in
1810 4422 1949 4493 Salinas
1965 4426 2008 4494 de
2024 4431 2281 4516 gubernatione

1381 4517 1558 4591 Ecclesiae
1572 4534 1717 4594 vestrae.
1769 4523 1824 4593 De
1837 4516 1957 4596 Pacco
1969 4531 2081 4601 multa
2097 4545 2230 4609 metuo.

1975 4627 2177 4725 Philippus.

1314 4812 1342 4880 1)
1361 4810 1430 4866 Cod.
1450 4812 1535 4884 Laog.
1554 4813 1643 4867 Nobis
1658 4819 1749 4874 toties.

1311 4898 1345 4964 2)
1358 4895 1445 4952 Manl.
1468 4903 1649 4955 mutationes.

1313 4980 1342 5053 fl)
1360 4982 1614 5054 Mmheduentus,
1633 4988 1717 5043 Saul).
1731 4996 1875 5048 advectus.

1313 5064 1341 5134 l)
1357 5070 1504 5136 recesset]
1519 5069 1880 5159 excideruntgtestuSsub.
1894 5088 1920 5132 et
1932 5077 1993 5135 cod.
2002 5078 2096 5151 Lang,
2112 5091 2139 5136 et
2153 5085 2218 5139 cod.
2231 5102 2283 5156 pro

1344 5151 1393 5201 spe
1406 5132 1484 5191 habet
1497 5154 1587 5202 spem.

1313 5220 1344 5291 5)
1362 5222 1416 5274 Pro
1430 5223 1518 5277 leuius
1531 5228 1622 5279 vestri
1636 5226 1724 5282 Manl.
1738 5233 1838 5285 nostrs'.

1312 5308 1341 5376 6)
1360 5307 1448 5363 ttsnt.
1463 5317 1570 5362 tamen.

1316 5392 1344 5463 7)
1363 5390 1452 5448 Manl.
1466 5395 1588 5465 etr'omss'.
