4734 6000
274 306 351 384 'ild
863 288 1302 376 artsrotattutt
1353 285 1462 377 mo.
1491 296 1538 379 X.
1594 284 1730 374 astt.
2249 282 2322 374 tto

273 475 443 573 reliquias
457 487 491 545 et
504 467 709 543 mineribus
721 464 854 540 nostris
867 466 1061 541 medeatur.
1110 461 1190 539 Etsi
1203 487 1269 538 au·
1321 490 1395 542 esse
1418 453 1596 564 significo,
1626 479 1840 567 quocunque
1862 479 2021 561 tempore
2043 489 2112 539 nos
2136 466 2321 541 vocabitis

276 597 367 663 tem,
399 587 612 670 quocunque
634 583 742 641 ruent
762 569 931 663 imperia,
958 569 1065 641 simul
1085 581 1271 664 quassatur
1319 568 1374 642 De
1395 569 1560 644 Cardano
1588 574 1672 646 satis
1695 596 1861 664 magnam
1886 571 2035 663 gratiani
2058 570 2213 640 relatam
2234 566 2322 644 milti

275 678 454 761 Ecclesia,
489 687 609 745 mmen
632 673 806 758 arbitror,
839 673 1045 764 impendere
1067 671 1272 741 conversio-
1306 697 1393 744 esse
1405 675 1536 765 judico,
1553 675 1648 767 quod
1665 670 1751 746 haec
1764 695 1848 745 vcra
1863 684 1898 744 et
1912 665 2324 766 honestaPhilosophiat

276 802 358 851 nem
373 778 529 870 aliquam
544 773 697 846 fatalem.
747 771 867 845 Audio
886 768 930 845 V
925 769 1052 842 cottiis
1066 772 1272 842 convenisse
1321 776 1455 857 studia,
1480 798 1571 868 quae
1593 790 1685 846 certe
1709 777 1814 847 etiam
1830 771 2059 865 Principibus
2073 771 2182 843 utilia
2201 789 2324 861 esseut,

276 883 410 972 legatos
433 876 632 971 pontificios
653 889 688 946 et
706 876 850 965 gallicos
864 887 898 942 ct
912 874 1037 944 foedus
1051 875 1184 944 factum
1199 895 1273 942 esse
1324 878 1355 946 si
1368 901 1408 947 ea
1424 876 1698 961 considerarent,
1716 898 1790 946 non
1805 872 2056 967 aspernamini,
2071 885 2115 944 ut
2128 872 2196 942 alii
2211 876 2324 963 multi,

278 983 374 1053 inter
404 979 511 1053 Rom.
535 976 763 1061 Pontificem,
808 972 934 1045 Gallos
964 990 998 1046 et
1023 973 1195 1060 Venetos,
1232 984 1275 1044 ut
1325 990 1359 1049 et
1372 980 1468 1073 quod
1484 991 1598 1048 vestra
1613 976 1802 1048 autoritate
1819 979 1869 1046 eis
1885 973 2179 1067 patrocinamini.
2206 971 2325 1065 Quae.

236 1143 240 1155 .
278 1084 474 1156 defendant
489 1078 674 1174 Synodum
689 1073 954 1145 Bononiensem
975 1089 1097 1147 contra
1118 1075 1275 1146 Triden-
1324 1103 1384 1166 so,
1406 1092 1447 1151 nt
1464 1072 1605 1149 Marco
1628 1077 1771 1164 dicatis,
1800 1090 1840 1149 ut
1861 1075 2034 1167 significet
2047 1075 2159 1147 nobis
2177 1098 2325 1170 respou-

279 1186 403 1258 tinam.
455 1182 495 1253 si
512 1202 573 1248 sua
590 1174 953 1248 discordiaPontificii
967 1177 1196 1274 Synodorunr
1210 1200 1276 1247 au-
1324 1181 1461 1250 siouem
1480 1193 1644 1254 vestram.
1694 1176 1785 1250 Nam
1807 1177 2024 1271 peculiarem
2047 1175 2129 1248 ideo
2148 1174 2325 1251 nuncium

280 1286 477 1358 ctoritatem
502 1277 770 1357 labefactarent,
802 1279 958 1349 vinceret
980 1304 1102 1350 eorum
1124 1278 1274 1349 stultitia
1325 1283 1416 1353 istuc
1429 1281 1522 1355 misi.
1573 1278 1671 1351 Bene
1686 1278 1783 1360 vale,
1808 1278 1980 1362 Patrone,
2006 1294 2139 1350 sumtus
2155 1303 2245 1352 cum
2261 1282 2328 1354 ob'-

281 1399 485 1456 nostrorum
502 1378 715 1449 bellatorum
730 1379 926 1455 stultitiam.
978 1380 1048 1452 Sed
1063 1378 1180 1450 Deum
1196 1392 1275 1448 ore·-
1325 1382 1521 1470 servantia,
1546 1382 1704 1453 colende.
1754 1379 1868 1453 Datae
1881 1379 1941 1450 die
1959 1375 2129 1452 Octobris
2137 1382 2206 1455 26.

280 1510 379 1568 mus,
409 1495 450 1553 ut
470 1483 544 1573 ipse
558 1477 749 1550 Ecclesiam
773 1501 872 1551 suam
893 1483 1084 1553 clementer
1102 1480 1276 1572 respiciat,
1835 1476 2028 1575 Philippus
2042 1477 2275 1556 Metamhou.

282 1599 317 1658 et
332 1584 586 1675 veritatiopem
605 1581 712 1665 serat,
735 1594 777 1652 ut
792 1596 883 1653 certe
896 1581 1011 1652 saciet.
1059 1579 1275 1652 Dialecticen
2157 1604 2161 1610 ·

282 1690 420 1781 placere
441 1685 508 1755 tibi
531 1696 565 1753 et
588 1704 735 1771 genero,
764 1685 910 1772 gaudeo.
960 1680 1063 1753 Nunc
1085 1683 1276 1756 recuditur.

281 1785 362 1860 Etsi
383 1800 499 1856 autem
521 1807 595 1853 non
615 1781 727 1852 multa
750 1796 869 1864 muto,
893 1795 1012 1853 tamen
1035 1784 1144 1855 editio
1158 1796 1275 1875 poste-

282 1890 359 1959 rior
370 1885 590 1957 emendatior
603 1883 680 1958 crit.
713 1877 803 1951 Eius
816 1881 844 1978 ¹)
858 1885 1024 1954 editionis
1038 1884 1194 1975 exempla
1211 1883 1277 1953 tibi
1327 1918 1382 1992 No
1408 1915 1511 1994 4056
2187 1912 2324 1993 asoa

283 2002 318 2060 et
341 2011 470 2079 genero
487 1981 519 2075 ²)
546 1983 696 2053 mittam.
745 1977 963 2054 lucebimus
982 1978 1222 2056 Camerarius
1238 1985 1277 2053 in
1334 1975 1524 2050 ’.ἔην’
2197 2008 2324 2049 w»

283 2088 497 2160 academiam
513 2080 690 2175 Lipsicam
710 2082 828 2159 rediit.
879 2082 949 2155 Hic
966 2086 1170 2157 tabellarius
1185 2080 1214 2179 ¹)
1232 2085 1277 2154 li·
1617 2095 1764 2184 lom·
1795 2092 2062 2184 camerario·

283 2205 376 2365 aa
390 2183 626 2362 alata
643 2182 1016 2362 statuta&
1179 2184 1278 2255 ⁸⁶⁰⁰
1396 2253 1482 2327 m
1495 2254 1528 2310 e
1542 2253 1792 2325 emm
1826 2251 1980 2309 t...
1993 2249 2074 2307 m
2093 2247 2148 2306 a
2165 2248 2245 2308 m.
2264 2255 2326 2311 ..

327 2390 494 2474 ,Salutem
517 2403 601 2479 opto
624 2384 742 2458 Dmno
765 2382 1014 2471 Theoderico,
1046 2386 1190 2478 collegis
1209 2385 1279 2460 mi,
1432 2333 1477 2395 et·
1491 2333 1540 2381 eas.

388 2504 424 2562 et
439 2513 580 2581 genero.

1330 2440 1557 2522 Clarissimo
1582 2442 1660 2522 ciro
1685 2439 1888 2516 eruditioris
1913 2452 1945 2516 st
1972 2442 2105 2515 virtute
2117 2447 2330 2542 praestanti

920 2584 987 2662 Ph·
1003 2584 1178 2663 Melanth·
1332 2547 1361 2621 I
1366 2542 1504 2620 nociti
1510 2572 1577 2619 mo
1602 2539 1878 2620 Camerario
1896 2544 2026 2643 fratri
2042 2547 2331 2628 sacratissimo,

1332 2675 1374 2766 S.
1399 2694 1445 2769 l).
1502 2692 1580 2766 Deo
1603 2707 1745 2765 aeterno
1773 2695 1867 2786 patri
1888 2692 2086 2768 liberatoris
2104 2697 2226 2767 nostri
2249 2692 2331 2767 lesu

1332 2793 1467 2869 Christi
1481 2796 1638 2867 crucifixi
1651 2820 1716 2890 pro
1732 2796 1836 2866 nobis
1849 2809 1884 2866 et
1897 2795 2090 2868 resuscitati
2109 2796 2247 2885 gratias
2260 2819 2328 2888 ago,

236 2886 239 2892 ¹
285 2922 353 2994 No.
369 2914 483 2994 4055.
1135 2933 1196 2998 25,
1210 2926 1281 2991 om,
1334 2899 1431 2993 quod
1446 2912 1480 2968 te
1497 2911 1531 2970 et
1546 2911 1626 2967 tuos
1639 2896 1792 2968 servavit
1807 2896 2024 2984 incolumes,
2049 2897 2223 2992 quodque
2244 2909 2279 2969 te
2289 2903 2328 2970 ad

291 3012 464 3046 ww
1142 3018 1281 3048 Μ
1334 2998 1562 3071 Academiam
1584 2997 1745 3084 reduxit,
1770 3021 1810 3068 ac
1832 3022 1915 3084 oro,
1939 3011 1981 3070 ut
2002 2996 2175 3088 deinceps
2197 3021 2239 3068 ac
2258 3023 2328 3092 per-

614 3100 721 3188 Sim,
751 3103 954 3196 Pistor-1⁹0,
1107 3149 1110 3153 -
1335 3117 1441 3193 petuo
1464 3123 1527 3169 vos
1547 3112 1661 3169 servet
1685 3100 1783 3170 velut
1805 3100 1943 3170 abditos
1965 3100 2136 3169 adaram
2153 3121 2274 3185 snam,
2294 3117 2327 3174 ut

1334 3200 1467 3273 Psalmi
1484 3200 1599 3271 verbis
1613 3213 1712 3281 utar,
1734 3223 1824 3293 quae
1844 3201 1964 3270 iudico
1979 3197 2100 3270 sumta
2115 3221 2194 3271 esse
2206 3224 2228 3269 a
2242 3225 2327 3271 cccc·

1334 3303 1437 3373 muni
1451 3301 1726 3388 consuetudine,
1750 3324 1841 3397 quae
1860 3301 1974 3392 parcit
1988 3300 2279 3390 confugientibus
2289 3307 2326 3373 ad

289 3421 475 3498 Simoni
492 3419 725 3509 Pistoris,
751 3415 1284 3500 CancellarioDocisSaxom
1335 3427 1423 3478 ³⁸³⁸·
1482 3397 1630 3472 P‘WI‘P
1661 3416 1695 3473 ⁰¹
1719 3426 1783 3492 ²8⁰
1807 3400 2077 3472 decreveram&
2100 3402 2147 3471 ‘ld
2176 3415 2212 3472 ¹²
2234 3399 2326 3476 11θᾶῖο

686 3524 883 3597 Epopon,
1334 3503 1527 3598 proficisci,
1556 3526 1622 3574 nec
1643 3503 1777 3574 veritus
1802 3522 1898 3573 cram
1921 3501 1992 3597 τήν
2016 3495 2240 3599 ἀποφράδα
2255 3528 2328 3598 pro-

1334 3620 1413 3699 pter
1430 3604 1588 3697 eclipsin.
1641 3603 1732 3676 Nam
1746 3616 1971 3695 conspectum
1986 3618 2097 3676 tuum
2121 3605 2247 3675 iudico
2264 3608 2329 3677 lau-

289 3773 400 3867 priori
432 3775 580 3864 epistola
610 3789 726 3846 vestra
750 3800 823 3846 non
846 3779 1037 3873 ascriptum
1062 3792 1168 3860 esset,
1211 3804 1282 3873 quo
1333 3702 1749 3901 2111λὲῑῖαὲῗὲεὲ
1751 3720 1764 3776 t
1783 3701 2119 3892 lgccndaebgffi'
2131 3705 2353 3900 333¹:ss

290 3878 348 3945 die
370 3897 436 3944 nos
453 3872 592 3964 'lorgoe
617 3899 689 3945 esse
713 3890 909 3967 oporteret,
934 3893 968 3950 et
984 3879 1110 3950 Pastor
1133 3878 1282 3951 dieDo·
1333 3930 1747 3980 mmmmm,
1764 3907 1946 3977 ,numm
1969 3910 2124 3982 linem·
2180 3903 2332 3981 Sabinu,

290 3973 422 4044 minico
444 3999 517 4043 non
540 3975 614 4045 sere
636 3976 822 4096 ³‚T5‘0P¹⁰
847 3980 1282 4100 directaneonsdtuera
1332 4022 1545 4101 „pettam
1558 4009 1711 4084 ,editum
1727 4022 1849 4093 mum,
1871 4009 1901 4078 ,ᾗ
1916 4034 1985 4101 qua
1999 4030 2088 4100 spe·
2104 4009 2236 4083 fuisset
2245 4013 2332 4082 brevi

289 4098 368 4146 mus
390 4077 435 4146 ad
457 4100 519 4144 vos
541 4078 715 4169 proficisci
736 4080 793 4148 dre
810 4079 869 4153 26.
887 4076 1067 4155 Octobris.
1117 4081 1188 4152 Sed
1204 4079 1281 4153 hera
1332 4124 1367 4182 ,e
1382 4111 1576 4180 affuturum
1591 4132 1676 4179 me,
1726 4108 1818 4179 Tm,
1840 4110 1930 4178 filia,
1946 4126 1979 4182 01
1995 4112 2120 4180 filium
2137 4107 2237 4181 mihi
2253 4136 2332 4183 eom.

288 4179 408 4294 literas
429 4178 554 4295 alteras
576 4202 596 4247 a
618 4179 720 4247 vobis
741 4182 876 4270 accepi,
901 4181 938 4250 in
960 4183 1090 4275 quibus
1106 4183 1282 4275 significa·
1331 4212 1516 4283 mendam
1531 4205 1730 4302 alendam,
1781 4210 1854 4281 sed
1870 4211 2139 4288 multacoram,
2199 4211 2331 4286 Benna

290 4293 351 4362 trs,
383 4290 464 4370 post
484 4281 577 4347 diem
598 4277 658 4353 24.
675 4275 803 4353 Octob.
824 4282 1058 4353 discessurum
1081 4300 1154 4355 csse
1175 4285 1283 4358 istinc
1330 4312 1483 4385 felicit„
1504 4313 1599 4397 vale,
1624 4313 1685 4387 28,
1702 4308 1881 4385 octobris,

288 4376 454 4448 Nobilem
478 4380 612 4465 virum,
645 4394 680 4450 et
702 4381 833 4452 virtute
855 4406 895 4451 ac
910 4385 1082 4474 sapientia
1100 4402 1280 4476 praestan-

291 4492 361 4547 tem
384 4476 579 4550 Dominum
606 4473 891 4558 Corolooiciam.
950 4484 1037 4555 Misi
1058 4487 1166 4576 igitur
1188 4484 1281 4562 banc

291 4578 474 4669 epistolam
497 4605 559 4672 per
580 4577 760 4653 Murcum
778 4577 834 4679 *),
874 4585 936 4678 qui
959 4583 1109 4658 scholae
1135 4605 1281 4682 praeest,
1355 4628 1357 4633 ·

291 4674 543 4766 exhibendam,
568 4698 607 4752 ut
625 4686 873 4775 significarem,
901 4710 967 4756 nos
983 4689 1148 4760 mandata
1167 4707 1281 4764 vestra
1353 4754 1357 4765 .
1376 4728 1380 4759 :

291 4794 482 4871 expectare.
500 4782 503 4786 ’
518 4781 556 4852 Si
571 4784 645 4856 dies
660 4801 775 4858 certus
789 4788 961 4882 ascriptus
974 4791 1099 4862 fuisset
1113 4792 1150 4861 in
1164 4796 1281 4888 prima
1344 4785 1413 4862 No.
1430 4785 1557 4864 4067.
1847 4854 1850 4871 ,
2232 4812 2263 4869 1.
2276 4799 2332 4864 Nos·

292 4884 457 4973 epistola,
482 4907 564 4951 mox
582 4886 670 4956 istuc
685 4891 956 4966 accessissemus.
1007 4890 1113 4962 Nunc
1126 4916 1295 4969 errorem
1339 4881 1552 4923 Ἄ
1700 4965 1705 4973 .
1795 4974 1798 4981 ,
1835 4972 1840 4981 ,
2217 4892 2329 4920 ⁹⁹⁹

291 4999 333 5053 ut
352 4984 456 5053 nobis
479 4987 705 5074 condonetis,
730 5014 811 5076 oro,
837 5005 870 5062 et
893 4993 1199 5085 obtemperaturos
1217 5020 1282 5070 nos
1595 4970 1705 5061 Alb.
1737 4969 2093 5085 Hardenbergt'o.

1423 5134 1492 5210 lipp.
1512 5136 1545 5192 sd
1563 5135 1814 5208 lhrdenbmgium.
1831 5151 1874 5206 cp.
1892 5134 1934 5191 ta.
2020 5158 2025 5177 ι

388 3266 473 3342 Epist.
491 3267 538 3323 lib.
551 3264 584 3324 V.
604 3287 631 3341 p.
643 3266 695 3322 212
708 3286 748 3340 sq.

287 3655 334 3747 S·
369 3669 414 3745 Ι).
474 3670 703 3765 Amplissime
735 3673 805 3746 Dn.
830 3672 1060 3752 cancellarie.
1125 3671 1217 3749 Cum
1244 3678 1283 3748 in

2088 4410 2298 4509 Philippus.

326 5183 354 5248 i)
372 5179 460 5234 Dant.
473 5178 563 5247 cuim,
581 5177 718 5231 mendose.

324 5265 351 5320 st
371 5258 465 5314 Gener
477 5269 516 5315 est
527 5256 570 5312 Μ.
585 5258 709 5314 launna
720 5257 952 5332 Streltbereerus.
971 5267 1056 5341 (Nota
1071 5269 1187 5343 bavari.)

323 5346 352 5412 8)
372 5344 459 5398 Dana.
473 5342 650 5408 tabularius,
676 5345 829 5400 armando.

325 5432 353 5498 *)
372 5431 500 5484 Marcum
520 5425 689 5482 crudelium.
1307 5374 1314 5522 Ι
1377 5449 1409 5517 *)
1429 5449 1554 5518 Annam,
1574 5447 1728 5521 Musam,
1747 5447 1918 5504 Catbarinam
1937 5458 1964 5502 rt
1983 5446 2144 5506 albertum
2165 5491 2173 5508 .
2195 5491 2231 5508 ..
2349 5480 2362 5534 'J
