4748 6022
283 217 332 293 55
480 292 483 297 ,
858 206 1295 288 EPIST-OLARUM
1346 206 1539 285 HM.
1590 209 1739 286 1546.ι
1907 225 1909 233 ·
2260 212 2311 288 86

285 391 442 463 materiis
465 387 693 460 confessionis
708 386 843 459 volunt.
894 383 1035 465 Nostri,
1062 385 1143 478 quia
1169 406 1269 475 saepe
1324 381 1510 474 colloquii,
1536 382 1622 474 quid
1653 381 1737 451 item
1755 405 1867 474 ¹porro
1890 384 2102 476 sperandum
2127 386 2191 470 sit,
2225 389 2312 458 satis

287 497 338 567 eis
360 492 544 573 obiicitur,
569 491 663 577 qnod
686 489 733 557 ab
747 486 903 557 Ecclesia
918 487 1127 570 defecerint,
1151 498 1270 577 prote·
1322 483 1525 572 intelligetis
1548 507 1589 551 ex
1610 477 1666 550 his
1689 485 1926 574 positionibus
1948 482 2005 556 hic
2024 486 2182 560 inclusis.
2233 485 2312 558 Ha·

288 595 474 667 stationem
488 585 742 672 exhibuerunt,
765 588 804 657 in
825 611 893 681 qua
910 588 1116 668 adfirmant,
1142 611 1177 656 se
1194 610 1287 673 amq
1322 585 1446 653 bemus
1469 607 1608 673 gregem
1631 585 1811 654 variorum
1828 582 2082 656 monachorum
2104 600 2312 660 nostrorum

287 694 392 789 plecti
414 690 642 760 consessionis
658 685 900 781 Augustanoe
917 688 1116 758 doctrinam
1138 701 1172 759 et
1195 678 1286 756 uon¹
1323 698 1356 754 et
1370 687 1479 754 fecem
1495 680 1746 766 christianum,
1771 688 1830 756 sed
1856 689 2033 778 experior,
2059 689 2179 757 adesse
2202 691 2312 763 nohis

287 796 483 868 abiecturos
502 813 592 875 esse,
618 804 651 859 et
671 785 762 859 hanc
778 790 955 860 allirmant
971 812 1044 858 esse
1059 811 1287 865 consensume
1321 781 1523 877 Christum,
1549 786 1610 878 qui
1632 809 1739 876 porro
1754 787 1855 857 dabit
1870 811 1909 857 os
1925 804 1959 860 et
1973 787 2192 880 sapientiam.
2243 790 2312 861 Ni-

287 891 480 968 catholicae
493 889 670 961 Ecclesiae
685 891 760 969 dei,
787 903 823 959 et
842 891 983 975 dicunt,
1009 914 1045 959 se
1061 891 1152 959 velle
1176 884 1286 957 hanc
1323 880 1375 953 hil
1390 887 1478 958 certi
1492 888 1655 956 audimus
1673 890 1716 957 de
1726 886 1950 980 Imperatoris
1967 892 2121 960 adventu
2137 892 2231 961 etde
2246 917 2311 963 co-

285 994 539 1070 cousessionem
565 1015 631 1082 pro
658 991 806 1082 repetito
835 986 974 1065 habere.
1031 991 1156 1060 Postea
1181 993 1287 1090 ordo}
1320 986 1444 1057 mitiis.
1495 980 1765 1087 Iuliuslssug,
1791 1014 1995 1083 quanquam
2019 985 2077 1059 hic
2099 991 2162 1075 sit,
2187 1005 2310 1064 tamen

287 1100 336 1170 sic
351 1095 534 1168 institutus
551 1105 617 1162 est:
768 1101 769 1104 ’
1321 1088 1473 1159 abstinet
1488 1090 1532 1159 ab
1547 1090 1742 1183 colloquio,
1767 1092 1870 1160 credo
1886 1105 2028 1182 propter
2041 1092 2232 1163 articulum
2252 1096 2311 1165 iu·

384 1187 612 1277 Maleendae
638 1205 839 1284 opponatur
868 1187 1096 1271 Bararus,
1320 1188 1540 1260 stificationis
1555 1190 1593 1259 in
1610 1192 1723 1284 priori
1739 1192 1915 1285 colloquio
1939 1193 2176 1269 conciliatum.
2225 1194 2310 1267 Non

360 1288 578 1367 'Monacho
590 1281 807 1362 Coloniensi
854 1286 1160 1386 D.Georgius‚
1282 1364 1286 1385 ε
1321 1304 1418 1361 vacat
1435 1291 1505 1361 iam
1523 1292 1638 1381 plura.
1690 1290 1810 1381 Quare
1825 1293 2006 1380 valebitis,
2031 1294 2100 1363 viri
2115 1295 2310 1367 observan-

384 1383 848 1473 MonachoColmarr'ensr'
896 1389 1210 1488 Schneppius,
1281 1454 1286 1491 ι
1321 1391 1370 1464 di.
1427 1389 1543 1483 Cupio
1573 1393 1720 1462 salutari
1745 1417 1823 1462 mco
1853 1396 1998 1464 nomine
2027 1393 2072 1467 D.
2092 1393 2310 1486 Magistrum

384 1490 543 1569 Cochleo
591 1489 632 1563 B
639 1493 767 1564 renti
773 1520 834 1566 us.
1319 1486 1574 1573 Benedictum,
1598 1491 1658 1589 D.x
1671 1492 1724 1566 M.
1747 1488 1963 1564 Matthiom
1985 1508 2018 1564 et
2039 1519 2144 1586 rogo,
2175 1512 2217 1568 ut
2241 1524 2310 1570 uos

280 1648 477 1741 Episcopus
491 1639 746 1716 Eiehstetcnsis
759 1643 892 1733 excepit
906 1645 1056 1733 prandio
1074 1622 1284 1713 collocuto-¹
1319 1595 1685 1770 ζξὲᾞῗὶῗῗὶὲῃώω
1711 1609 1850 1670 meus·
1907 1594 2133 1699 R³t¹⁵b⁰¹¹³t
2153 1598 2213 1675 1⁰·
2236 1599 2309 1671 Fe·

281 1775 357 1835 res,
375 1765 409 1820 et
429 1761 548 1838 postea
569 1748 712 1833 longam
733 1744 1007 1834 disputationem
1031 1770 1110 1814 cum
1130 1745 1179 1814 eis
1199 1740 1265 1812 ha·
1922 1795 1966 1868 V·
1982 1797 2102 1891 Georg
2126 1799 2247 1872 Maior

279 1852 377 1941 butt,
402 1871 491 1940 quae
505 1846 696 1938 perscripta
713 1858 764 1914 est
779 1845 818 1912 in
832 1846 993 1934 pagellis,
1018 1859 1205 1938 quaesunt
1226 1845 1264 1911 in
2102 1852 2113 1876 ·
2245 1854 2257 1877 ·

278 1949 466 2021 fasciculis.
515 1944 594 2015 Hoc
616 1967 757 2038 quoque
780 1945 1031 2029 constitutum,
1057 1969 1101 2013 ne
1123 1968 1265 2035 apran-

278 2050 339 2121 dio
355 2047 586 2119 collocutores
601 2046 800 2137 disputent,
823 2046 884 2114 sed
900 2057 1037 2117 tantum
1058 2058 1140 2116 aute
1156 2070 1265 2139 pran-
1321 2110 1359 2202 l)
1385 2108 1510 2180 Fidem
1529 2136 1602 2183 esse
1618 2114 1762 2185 initium
1777 2116 2034 2191 iustificationis

2041 2172 2052 2205 2

276 2155 377 2224 dmm
390 2141 441 2247 ‘l‘
926 2286 932 2290 ¹
1315 2213 1357 2304 2)
1385 2234 1523 2280 causam
1539 2237 1612 2283 esse
1630 2215 1735 2284 fidem
1756 2218 1959 2305 formalem,

487 2364 1265 2384 W
1317 2308 1360 2407 δ)
1384 2307 1568 2383 Christum
1588 2317 1854 2406 propitiatorem
1872 2343 1962 2405 esse,

787 2490 790 2499 Ι
1317 2413 1359 2511 4)
1386 2437 1491 2504 opera
1505 2417 1746 2504 praecedentia
1763 2442 1969 2509 praeparare
1985 2424 2138 2514 quodam
2155 2428 2265 2496 modo

302 2509 500 2584 Numi.
1106 2517 1159 2580 10.
1177 2509 1264 2573 Febr.
1367 2512 1495 2603 ssReg.
1519 2515 1600 2584 Nou
1616 2518 1736 2587 vidisti
1750 2516 1865 2589 Assah
1880 2516 2104 2594 humiliatum
2122 2526 2305 2624 corum(?)
2356 2598 2361 2609 ,

282 2608 493 2644 som
839 2627 846 2643 ·
1086 2599 1257 2631 '‘⁴'‘
1368 2610 1473 2695 Item,
1490 2613 1569 2690 Act.
1588 2617 1717 2689 dicitur
1735 2619 1875 2690 Simoni
1890 2636 1930 2693 ut
1943 2624 2196 2714 poeniteutiam
2214 2643 2304 2719 agat.

550 2703 695 2787 Maior
724 2699 786 2784 ad
810 2702 992 2784 Ionam.
1315 2710 1359 2811 5)
1385 2711 1506 2806 Opera
1523 2711 1679 2787 hominis
1693 2719 1778 2791 iusti
1792 2738 1923 2812 augent
1942 2725 2112 2795 iustitiam
2127 2727 2246 2822 eisque
2262 2731 2302 2799 in
2362 2822 2365 2827 ἡ

343 2870 363 2933 †
385 2863 423 2918 Ex
435 2862 614 2987 &tegrepho
633 2859 684 2916 Ge.
706 2858 823 2916 Maioris
848 2812 878 2914 iu
896 2860 1008 2915 Voluca.
1027 2858 1111 2932 Epist.
1129 2861 1261 2936 Meining.
1416 2812 1950 2995 ἓῗέῗὲελᾞίῗξζὸωὲῗὲῗω
1966 2823 2099 2897 Christi
2121 2829 2304 2917 benefieio’

373 2954 417 3004 ep·
472 2969 482 2989 ο
864 2999 866 3003 ’
1364 3011 1461 3110 Apo:
1477 3020 1542 3090 ult.
1558 3022 1620 3113 qui
1637 2974 1750 3095 tusus
1764 3037 1835 3109 est,
1860 3024 2067 3099 iustificetur
2080 3023 2197 3099 adhuc

1363 3115 1511 3188 Paulus:
1537 3123 1671 3193 bonurn
1688 3136 1864 3194 certamen
1881 3143 1975 3198 certa
1991 3144 2054 3203 etc.

1362 3215 1510 3340 Matthf
1546 3221 1587 3294 si
1609 3222 1663 3292 vis
1689 3227 1864 3317 perlectus
1888 3230 1981 3310 esse,
2014 3233 2102 3303 vade
2126 3244 2161 3303 et
2183 3234 2298 3303 vende

1411 3344 1534 3392 omnia
1550 3339 1614 3398 ele.

1360 3420 1508 3494 Paulus:
1535 3428 1631 3518 quod
1647 3452 1769 3499 omnes
1784 3455 1850 3499 uos
1867 3432 2084 3500 manifestari
2102 3447 2164 3503 etc.

269 3504 314 3594 S.
365 3520 443 3592 Nisi
463 3521 609 3604 scirem,
632 3542 722 3613 quae
742 3517 896 3588 Domino
919 3514 1114 3615 Philippo,
1140 3526 1255 3599 cariss.
1362 3521 1455 3595 Gen.
1472 3526 1550 3594 πε
1576 3525 1644 3594 Per
1666 3542 1794 3597 memet
1813 3530 1931 3619 ipsum
1952 3529 2077 3603 iuvari.
2129 3529 2223 3600 t'ioe
2240 3533 2298 3604 la·

269 3622 486 3716 praeceptori
501 3645 599 3706 mco,
624 3621 829 3689 scribuntur
843 3620 888 3688 de
903 3621 1081 3713 colloquio
1097 3618 1164 3695 hoc
1187 3627 1257 3694 mi-
1411 3626 1538 3692 cobum
1554 3624 1592 3691 iu
1610 3624 1766 3712 epistola.

247 3749 347 3796 -sero
372 3739 406 3794 et
427 3723 506 3792 aliis
528 3723 633 3792 rebus
657 3745 696 3790 ea
717 3743 860 3813 quoque
874 3723 1128 3793 communicari
1143 3728 1254 3811 vobis,
1353 3719 1445 3792 Pet:
1470 3724 1594 3792 fratres
1616 3724 1761 3811 satagite
1784 3738 1825 3793 ut
1848 3749 1912 3816 per
1932 3729 2025 3798 bona
2040 3752 2146 3820 opera
2162 3746 2294 3805 certam

269 3840 304 3896 et
320 3826 409 3894 aliae
430 3823 560 3892 multae
585 3845 639 3892 res
660 3845 717 3891 me
740 3819 970 3911 impedirent,
997 3817 1064 3892 hoc
1084 3838 1253 3917 tempore,
1409 3823 1628 3893 vocationem
1643 3823 1791 3897 faciatis.

268 3925 457 3998 scriberem
485 3925 528 3993 de
557 3923 707 4012 siugulis
737 3922 841 3992 rebus
868 3923 1073 3994 accuratius.
1133 3925 1253 4014 Quare
1354 3919 1501 3992 Paulus:
1527 3921 1650 3997 Benef.
1665 3938 1729 3994 etc.
1753 3924 1871 3998 Nolite
1887 3928 2046 3999 oblivisci
2065 3944 2129 4002 ete.

266 4051 372 4118 rogo,
398 4036 438 4094 ut
453 4046 509 4091 me
522 4037 723 4093 excusatum
736 4017 905 4092 habeatis.
956 4022 1066 4094 Volui
1087 4026 1181 4096 enim
1197 4031 1253 4098 vel
1305 4019 1353 4090 Ηί
1381 4023 1450 4093 loci
1471 4027 1644 4115 probant,
1678 4050 1783 4117 opera
1811 4051 1938 4118 augere
1965 4029 2133 4100 iustitiam
2156 4047 2190 4104 et
2218 4060 2293 4107 esse

266 4127 330 4200 has
345 4129 470 4197 breves
487 4123 658 4207 scrihere,
682 4146 727 4190 ue
748 4123 834 4215 quid
856 4124 895 4191 iu
917 4125 1028 4194 veteri
1046 4129 1158 4197 amico
1174 4130 1251 4198 olli·
1305 4124 1485 4197 meritoria
1500 4128 1591 4197 vitae
1607 4140 1789 4209 aeternae,
1815 4153 1890 4199 non
1905 4133 1999 4224 quod
2017 4132 2090 4202 sint
2114 4157 2219 4225 opera
2242 4140 2291 4210 ita

263 4232 311 4302 cii
327 4222 588 4302 desideraretis,
615 4234 649 4292 et
661 4244 751 4314 quae
771 4245 834 4312 ego
856 4225 960 4294 omisi
975 4229 1189 4316 cognoscetis
1211 4255 1251 4300 ex
1304 4224 1430 4313 digna,
1450 4229 1510 4298 sed
1526 4228 1623 4323 quod
1636 4250 1676 4297 ea
1691 4229 1797 4318 digua
1820 4230 1925 4302 saciat
1937 4233 2048 4322 gratia
2062 4229 2131 4304 Dei
2153 4260 2217 4328 per
2234 4238 2289 4308 le-

263 4328 429 4420 Magistri
443 4320 559 4398 Galli
569 4322 700 4406 literis,
725 4321 782 4390 cui
799 4323 877 4413 plus
892 4339 943 4394 est
960 4328 1040 4396 ocii.
1303 4349 1381 4395 sum
1400 4323 1594 4403 Christum.

1458 1977 1461 1980 ’
1519 1974 1577 2049 Ab
1604 1972 1830 2052 adversariis
1852 1981 2099 2082 proposita¹).

273 3080 510 3164 Clarissimis
535 3096 567 3156 et
591 3082 755 3158 Doctiss.
786 3079 913 3166 Viris,
951 3080 1065 3157 Dom.
1093 3081 1261 3161 Iusto

272 3191 304 3263 I
313 3218 334 3263 o
353 3219 377 3261 n
395 3215 471 3272 ae,
501 3183 752 3280 Theologioe,
781 3194 813 3255 el
838 3181 1006 3255 Domino
1032 3175 1260 3258 Chilioao

273 3289 367 3366 Gol
374 3290 401 3363 d
408 3288 554 3373 stein,
579 3289 767 3383 utriusque
780 3283 895 3373 iuris,
907 3283 1152 3376 Doctoribus,
1174 3287 1259 3359 Do-

518 3385 631 3456 minis
656 3387 735 3456 suis
762 3382 1019 3473 observandis,

365 4460 440 4549 Qui
465 4458 537 4528 sint
562 4479 604 4523 ex
629 4455 774 4522 adversa
802 4469 900 4545 parte
922 4456 1154 4529 collocutores
1177 4461 1247 4530 iam
1410 4539 1450 4559 ..
1856 4544 1864 4563 ι
2092 4546 2100 4564 '
2165 4547 2172 4564 .

261 4562 400 4658 pridem
412 4582 476 4629 vos
490 4554 695 4646 cognovisse
708 4565 815 4644 puto,
833 4548 1053 4625 Malo-enda
1071 4583 1157 4630 vero
1180 4560 1248 4630 lli-
1325 4535 1532 4613 P⁰⁸¹¹¹⁰MS
1558 4538 1735 4612 ‘’dt'lmss
1758 4552 1882 4638 ΡΜις
1908 4541 1951 4616 de
1978 4545 2057 4620 1⁰0⁰
2082 4543 2262 4640 lusltfiw·

261 4687 408 4758 spanus,
433 4655 671 4730 Caesareanus
690 4650 892 4744 Theologus
916 4651 987 4726 huc
1008 4659 1154 4745 missus,
1180 4657 1247 4732 ho-
1650 4708 1654 4719 ,
1695 4643 1810 4714 lionis
1825 4640 1875 4741 ²).

259 4792 320 4839 mo
341 4760 594 4836 audacissimus
619 4772 655 4829 et
679 4781 746 4851 pro
768 4780 867 4826 more
890 4758 1002 4846 gentis
1035 4763 1245 4851 superbissi-
1302 4769 1340 4866 1)
1368 4772 1411 4845 ln
1442 4773 1682 4867 peccatoribus
1714 4777 1964 4851 iustificatione
1986 4781 2119 4851 remitti
2145 4800 2285 4875 peccata

259 4892 356 4953 mus,
382 4865 503 4939 turbat
522 4860 643 4933 omnia
665 4875 699 4931 et
720 4859 805 4950 ipsis
821 4857 1041 4950 praesidibus
1055 4863 1155 4953 quasi
1176 4865 1244 4932 mi·
1348 4898 1412 4968 per
1425 4871 1608 4947 Christum
1621 4878 1873 4969 mediatorem,
1900 4899 1934 4954 et
1958 4882 2108 4971 gratiam
2131 4884 2285 4973 infundi,

257 4984 374 5041 natur.
424 4965 525 5058 Quae
538 4966 696 5058 ipsorum
721 4960 766 5030 sit
779 4960 958 5047 doctriua,
983 4974 1020 5031 et
1033 4986 1123 5056 quae
1141 4965 1243 5036 initia
2099 5014 2102 5021 .

1301 5044 1502 5059 ..υ-’.ιι-

1330 5131 1356 5199 l)
1374 5125 1482 5200 Scripta
1498 5142 1578 5200 sunt,
1596 5151 1664 5205 quae
1681 5136 1736 5191 iem
1755 5145 1906 5206 sequuntur
1922 5134 1975 5192 alie
1994 5155 2094 5209 menn,
2118 5156 2200 5208 qnam
2217 5139 2284 5195 tta·

758 5240 769 5255 ,.
1362 5196 1447 5266 ioris,
1467 5198 1539 5256 lectu
1558 5220 1690 5274 perquam
1710 5203 1825 5260 dillieili.

283 5289 314 5362 ἢ
334 5290 481 5344 Historiam
500 5284 633 5358 colloquii
650 5282 753 5341 Retisb.
777 5279 917 5338 succincte
934 5280 1053 5336 narrarit
1069 5281 1189 5340 Slciden.
1209 5281 1239 5340 in
1326 5281 1426 5352 lilla·
1438 5283 1644 5370 propositiones
1660 5285 1741 5342 hahes
1762 5287 1845 5344 etiam
1866 5290 1895 5346 in
1912 5289 1979 5351 Mel.
1998 5307 2063 5364 opp.
2089 5299 2121 5344 ut
2137 5289 2218 5346 eriam
2236 5314 2282 5351 se·

315 5358 473 5415 Commeat.
490 5375 516 5430 p.
534 5355 584 5413 stt
601 5371 661 5428 sqq.
1285 5411 1295 5430 .
1362 5360 1474 5425 paratim
1492 5361 1557 5407 runt
1573 5355 1669 5410 editae.
