4748 6022
2058 299 2134 375 att

1133 483 1213 528 rum
1243 474 1405 545 suorum¹
1449 454 1702 550 prophetarum
1733 476 1768 532 et
1792 467 2034 554 apostolorum
2060 484 2132 541 tra-

1133 564 1259 631 ductus
1281 573 1351 646 est,
1376 574 1494 630 tamen
1513 562 1665 631 orbitate
1681 559 1859 635 Ecclesiae
1874 592 1939 637 nos
1955 594 2028 639 non
2044 597 2130 664 pos-

1132 686 1253 733 sumus
1270 686 1344 731 non
1360 663 1492 735 dolere.
1547 659 1658 731 Valde
1673 665 1767 732 enim
1785 669 1968 757 probanda
1984 687 2035 743 est
2052 676 2129 765 pie-

1133 778 1185 834 tas
1198 776 1233 833 et
1245 763 1396 835 Senatus
1412 779 1447 834 et
1460 761 1638 833 Ecclesiae
1654 780 1805 850 vestrae,
1832 775 1926 861 quod
1941 796 2126 863 surrogare

1134 866 1264 951 alium,
1297 866 1361 959 qui
1383 866 1476 934 idem
1502 866 1682 934 doctrinae
1698 868 1921 960 incorruptae
1936 878 2048 960 genus
2060 879 2126 949 do-

1134 981 1226 1050 ceat,
1251 967 1409 1037 studetis.
1460 965 1529 1036 Fui
1548 960 1707 1037 hortator
1722 962 1884 1064 Georgia
1897 968 2060 1063 Maiori,
2086 996 2127 1051 ut
2196 972 2200 979 ¹

1132 1070 1176 1137 ad
1195 1092 1257 1136 vos
1271 1069 1447 1157 migraret.
1500 1065 1569 1137 Sed
1586 1069 1751 1163 lacrymis
1768 1075 1927 1163 coniugis
1945 1079 2126 1151 retinetur.

1134 1168 1258 1239 Meum
1279 1183 1398 1239 tamen
1423 1169 1611 1238 consilium
1637 1186 1704 1256 est,
1737 1185 1777 1240 ut
1800 1178 1953 1266 ampliss.
1975 1177 2126 1253 Senatus

1134 1285 1247 1340 vester
1268 1273 1311 1340 ad
1329 1268 1529 1340 Electorem
1553 1273 1597 1340 de
1615 1296 1655 1341 eo
1670 1273 1817 1359 scribat,
1843 1301 1881 1345 ac
1897 1280 2029 1350 dimitti
2044 1306 2125 1353 eum

1134 1386 1240 1461 petat.
1264 1369 1340 1461 Ego
1357 1373 1490 1440 interea
1507 1397 1625 1440 coram
1642 1368 1886 1446 vehementius
1900 1386 2125 1468 contendam,

1133 1486 1174 1542 ut
1195 1497 1268 1544 nou
1290 1475 1445 1564 defugiat
1459 1470 1638 1543 Ecclesiae
1657 1490 1793 1546 vestrae
1816 1482 2123 1571 gubernationem.

1134 1571 1248 1663 Agam
1271 1590 1305 1644 et
1327 1599 1409 1644 cum
1423 1564 1631 1667 Crucigero.
1682 1577 1857 1647 Fortassis
1880 1596 2026 1653 aetatem
2048 1588 2105 1656 ma

92 1682 97 1691 .
300 1753 307 1770 ι
573 1754 580 1771 ⁶
1133 1677 1245 1745 iorem
1268 1677 1451 1767 requiritis
1477 1701 1583 1766 quam
1606 1691 1658 1746 est
1679 1693 1773 1749 aetas
1796 1675 1985 1753 Iohannis
2008 1682 2123 1757 Auri-

90 1750 491 1831 Clariss.a1ro—D.
517 1752 804 1847 Hieronymo
827 1750 1083 1845 Bomgart-
1125 1775 1259 1876 fabri,
1298 1779 1355 1847 cui
1378 1778 1449 1846 filia
1474 1774 1590 1846 Hessi
1609 1794 1719 1868 nupta
1742 1797 1804 1854 est.
1871 1784 1942 1855 Sed
1965 1791 2121 1876 profecto

307 1881 432 1941 ntro,
465 1853 641 1926 Senatort'
664 1850 863 1948 Noriberg.
1133 1880 1304 1961 eruditio,
1336 1880 1447 1948 virtus
1472 1891 1504 1945 et
1526 1879 1564 1945 in
1581 1881 1680 1947 omni
1694 1881 1809 1950 officio
1827 1885 2007 1975 diligentia
2024 1902 2124 1964 tanta

88 1986 205 2078 S‚1),
262 2000 363 2074 Olim
387 2002 509 2098 Mysos
531 2003 729 2073 Homerum
754 2004 872 2096 inquit
894 1998 1080 2072 hominum
1134 1996 1204 2064 est,
1238 1993 1277 2049 nt
1300 2002 1465 2066 magnum
1480 1976 1657 2047 Ecclesiae
1679 1999 1928 2054 ornamentum
1953 1991 2028 2058 fore
2045 2015 2124 2083 spe.

86 2108 197 2177 fuisse
220 2106 450 2191 iustissimos,
484 2131 636 2199 quorum
654 2101 692 2172 hi
710 2119 865 2174 recentes
880 2103 993 2198 Mysi,
1020 2105 1082 2196 qui
1132 2107 1217 2199 fem·
1270 2081 1369 2199 Quid
1393 2081 1422 2149 ⁵1
1446 2075 2122 2204 hul⁰·H⁶⁸⁸isse⁰⁰f⁰1⁰⁶J¹¹¹¹³Vq¹¹⁸¹¹¹

86 2210 224 2299 patriae
247 2228 329 2277 sum
349 2201 566 2301 ἀλάστορες,
594 2221 629 2275 et
645 2207 776 2274 benum
793 2207 895 2275 civile
911 2208 1081 2274 accende,
1132 2207 1170 2249 m
1186 2179 1342 2251 Ecclesra
1366 2195 1481 2250 vestra
1502 2185 1723 2263 tribueretis,
1750 2187 1919 2256 dunecan
1940 2195 2050 2261 soceri
2068 2195 2123 2266 lo-

86 2322 184 2393 rum,
211 2310 606 2402 quamdissimflessim
644 2310 879 2377 resostendqg
925 2307 1080 2390 Tescio,
1132 2309 1211 2401 cnm
1227 2285 1410 2352 transferri
1428 2284 1570 2376 posset?
1596 2283 1798 2400 ..Pegellam
1815 2289 1917 2358 mitto
1936 2294 1979 2360 de
1995 2295 2124 2365 tristis-

87 2435 290 2504 quanquam
313 2412 454 2499 longius
476 2412 577 2495 abes,
603 2360 710 2502 dham
725 2433 808 2494 nos,
833 2423 951 2478 tamen
966 2422 1000 2477 et
1015 2432 1079 2476 au-
1130 2409 1220 2454 ⁸¹¹¹¹⁰
1247 2380 1500 2502 9919939919
1532 2407 1730 2472 1991091191·
1786 2386 1884 2457 Bene
1906 2395 1995 2466 vale.
2054 2395 2123 2468 Die

88 2515 164 2581 dire
198 2536 253 2596 ea,
288 2536 377 2604 quae
411 2513 579 2605 utrinque
612 2514 720 2595 fiunt,
754 2525 788 2580 et
814 2526 931 2580 mente
957 2509 1078 2578 videre
1131 2484 1501 2558 ⁰0¹¹V⁰r⁵¹⁰¹¹¹⁸pffl¹¹h
1529 2482 1638 2559 1547·

87 293 165 372 sas
226 296 230 300 ·
657 245 1121 366 artsronanuu
1178 285 1284 365 arn.
1309 287 1356 359 x.
1408 228 1543 366 iata.

90 457 441 556 Die-XX111.lan.¹')
457 463 495 531 in
511 460 661 533 Colonia
676 462 786 533 veteri
801 461 1019 546 Saraborum
1029 456 1080 553 ¹⁸).

89 565 249 636 Salutem
286 578 369 657 opto
403 566 482 634 viro
513 565 667 657 optimo,
703 559 836 656 hospiti
862 578 943 649 tuo,
976 562 1080 635 Dom.

90 658 269 763 Oporino.
323 665 456 737 lterum
474 668 551 736 vale
567 661 621 760 19).

850 761 917 838 Ph.
943 763 1031 836 Met.

91 977 237 988 ,σαι-ιο...-
244 978 313 986 -a—
327 977 488 986 ...n—-

104 1105 173 1179 No.
190 1106 303 1180 3718.
421 1119 423 1122 ’

96 1204 309 1239 Μ

363 1304 420 1388 Η.
451 1299 814 1421 Baumgortueru

158 1462 240 1534 Epist
250 1462 349 1515 lituvt.
366 1480 392 1530 p.
402 1459 449 1511 125
458 1478 501 1528 sq.
520 1487 553 1498 -
571 1459 622 1513 llic
635 1479 665 1512 er
678 1461 844 1531 autographo
858 1458 885 1511 in
898 1458 961 1510 eod.
974 1456 1051 1509 Mon.
1061 1455 1083 1508 l.

186 1551 218 1654 p.
237 1533 294 1585 100.
329 1526 448 1596 (Notavit
461 1529 696 1600 Baumgartuerus‚
712 1550 740 1583 se
755 1529 894 1599 epistolam
908 1526 1042 1595 accepisse
1055 1523 1083 1577 d.

206 1637 214 1654 .
228 1600 293 1653 Feb.
312 1597 398 1664 1547.)

919 1117 975 1177 23.
989 1103 1054 1168 Ian.

903 1195 1075 1226 Μ

89 2628 280 2684 crescentes
301 2616 340 2683 in
363 2629 512 2706 utraque
533 2626 632 2705 parte
657 2613 864 2703 cupiditates
883 2626 916 2682 ct
933 2614 1080 2681 furores.

86 2710 323 2786 Ioaehimum
348 2717 445 2785 velut
460 2740 501 2784 ex
516 2716 683 2787 incendio
702 2715 849 2783 evasisse
865 2716 1019 2802 gaudeo,
1046 2727 1080 2782 et

86 2816 162 2888 Deo
176 2819 305 2906 gratias
320 2841 402 2906 ago,
421 2819 484 2911 qui
501 2842 581 2886 eum
598 2818 694 2886 velut
710 2811 804 2886 Loth
820 2817 951 2887 eduxit.
1002 2810 1078 2902 Ego

87 2944 229 3013 quoque
248 2921 389 3007 defuga
407 2920 532 3007 cogito.
583 2915 699 2987 Erunt
714 2913 934 3011 τυραννίδες
951 2917 1080 2984 barba·
1130 2917 1326 3041 Q.

85 3023 196 3104 ricae,
228 3043 458 3111 quaecunque
487 3042 567 3108 pars
596 3019 663 3087 erit
686 3019 824 3092 victrix.
886 3016 921 3086 Ο
943 3018 1077 3085 tristem

86 3144 238 3212 poenam
251 3120 421 3187 scelerum
430 3120 627 3187 multorum
641 3133 799 3187 veterum
817 3134 851 3189 et
864 3117 1077 3187 recentium!

86 3221 191 3290 Iuves
215 3220 324 3308 igitur
346 3243 412 3287 nos
432 3220 501 3308 piis
526 3219 635 3296 votis,
660 3233 701 3289 ut
715 3216 811 3288 Deus
827 3223 916 3288 iram
933 3219 1079 3306 mitiget.

84 3320 184 3390 Bene
203 3321 291 3389 vale.
342 3317 410 3389 Die
427 3321 488 3394 23.
505 3320 663 3388 lanuarii
678 3312 727 3412 *).

534 3421 566 3501 -†
582 3416 771 3512 Philippus
786 3417 1030 3492 Melanthon.”

86 3782 152 3856 No.
170 3782 283 3857 3719.

94 3879 265 3910 w

723 3785 858 3853 eatan.
885 3787 1081 3872 (Serrestae.)

696 3883 1074 3918 m

408 3973 520 4057 aab.
546 3971 763 4054 Kindleru

155 4133 231 4199 †Ex
248 4131 414 4203 autographo
432 4133 460 4185 in
480 4131 541 4189 eod.
560 4131 646 4185 ttetd.
664 4129 774 4184 Vratist.
802 4110 932 4190 votJttt.
959 4135 1037 4206 epist.
1055 4136 1080 4192 7.

193 4222 207 4254 a
223 4202 250 4255 S.
266 4203 299 4254 V.
314 4202 446 4256 Sclautzio
458 4201 536 4255 nobis
549 4200 693 4268 descripta.

10 4316 47 4427 [²
87 4344 314 4426 Clarissimo
332 4351 428 4438 ciro,
451 4348 669 4440 eruditione,
695 4350 824 4421 virtute
839 4362 871 4421 et
883 4349 1081 4449 prudentia

84 4453 305 4555 praestanti,
330 4451 445 4528 Dom.
461 4450 683 4551 Fabiano
698 4451 796 4524 Ktn
806 4453 854 4524 dl
862 4479 951 4539 ero,
976 4449 1078 4525 Can-

112 4555 267 4630 cellario
284 4554 460 4628 Ducatus
481 4556 525 4630 V
521 4556 813 4643 mutunensis,
840 4552 1054 4627 amieo'suo.

87 4688 132 4781 S.
157 4709 205 4781 D.
256 4709 459 4781 Clarissime
480 4710 525 4781 D.
543 4709 710 4784 Fabiano.
768 4708 847 4780 Etsi
869 4707 989 4780 Hesso
1012 4711 1081 4802 ipsi

84 4814 338 4902 gratulandum
361 4826 433 4896 est,
458 4814 554 4906 quod
578 4813 616 4880 in
637 4814 735 4880 illam
755 4827 932 4882 aeternam
949 4828 984 4882 et
1000 4813 1081 4882 dul-

84 4916 263 4985 cissimam
287 4915 579 4985 consuetudinem
599 4911 686 4998 Dei,
718 4910 852 4984 Christi
877 4928 912 4984 et
933 4916 1081 5005 collega-

124 5135 167 5199 17)
188 5135 256 5191 Cod.
270 5137 354 5192 Goth.
367 5140 428 5192 tot.
442 5149 469 5191 ct
485 5141 541 5192 191.
560 5139 617 5192 Die
630 5138 673 5193 27.
687 5139 806 5195 Ianuar.

123 5222 168 5286 18)
187 5221 427 5276 Cod.Goth.401.
443 5222 606 5289 Sarabotlr,
622 5242 699 5277 anna
713 5226 791 5279 1547.
810 5254 843 5268 -
876 5225 906 5278 ln
920 5225 983 5280 cod.
998 5225 1082 5280 Goth.

156 5291 215 5343 191.
230 5292 323 5343 verba:
347 5295 376 5344 in
389 5292 507 5345 Colonia
519 5303 569 5346 etc.
586 5292 782 5348 desiderantur.

121 5375 169 5444 19)
188 5371 320 5427 Salutem
334 5385 398 5439 opto
410 5386 461 5430 etc.
476 5384 579 5429 tantum
593 5375 712 5431 servavit
725 5377 787 5437 eod.
803 5378 890 5450 Lang.

119 5457 150 5526 ι7)
168 5458 229 5513 Atta
246 5475 343 5512 manus
357 5459 516 5530 adscripsit:
543 5459 637 5516 1547.
657 5458 815 5530 (exhibitum
827 5461 856 5515 io
869 5463 916 5517 lib.
927 5461 996 5535 Vl.).

1644 2582 1833 2680 Philippus
1848 2589 2072 2671 Melanthon.

1135 2792 1154 2799 ..ι
1164 2793 1349 2801 κ--ω-

1986 2934 2043 2998 25.
2059 2929 2123 2994 lan.

1983 3020 2122 3047 m
2147 3048 2151 3059 Ι

1380 3226 1384 3232 .
1419 3114 1543 3199 laete.
1573 3116 1836 3202 Camerariu

1199 3289 1284 3363 apta.
1298 3289 1333 3344 aa
1347 3290 1486 3346 camera.
1504 3308 1533 3359 p.
1546 3289 1597 3342 sea
1609 3309 1650 3360 sq.
1670 3291 1723 3359 (ea.
1736 3291 1824 3347 aona.
1839 3291 1887 3347 ua.
1899 3293 1950 3352 w.
1970 3264 2108 3369 epssuei

1130 3448 1358 3528 Clarissimo
1386 3455 1463 3525 viro
1487 3453 1688 3526 eruditione
1711 3466 1742 3526 et
1767 3458 1896 3530 virtute
1916 3467 2127 3557 praestanti

1131 3557 1160 3631 I
1166 3555 1291 3632 uach.
1318 3548 1440 3630 Cam.
1464 3551 1555 3631 Pub.
1574 3558 1692 3626 amico
1715 3567 1746 3627 et
1761 3560 1890 3658 fratri
1909 3589 1977 3635 suo
1995 3568 2123 3648 cariss.

1131 3691 1175 3781 S.
1202 3703 1248 3778 D.
1285 3702 1583 3773 Honestissimum
1601 3706 1800 3796 exemplum
1818 3710 1969 3781 civitatis
1984 3711 2123 3787 Atticae

1131 3806 1343 3888 meministi,
1392 3830 1481 3897 quae
1517 3800 1700 3875 Thebanis
1732 3810 1894 3883 exulibus
1927 3808 2122 3908 hospitium

1131 3910 1296 4006 praebuit
1318 3908 1441 3976 deletis
1457 3902 1610 3989 Thebis,
1637 3933 1717 3976 cum
1739 3910 1882 4000 quidem
1901 3914 2025 3986 Victor
2046 3920 2123 3989 edi-

1132 4030 1227 4085 ctum
1250 4009 1507 4101 proposuisset,
1534 4033 1577 4076 ne
1599 4009 1637 4075 in
1659 4010 1792 4097 graecis
1816 4014 2017 4086 civitatibus
2032 4021 2123 4089 reci·

1132 4128 1319 4205 parentur,
1344 4111 1404 4203 qui
1429 4104 1482 4176 illi
1504 4110 1723 4179 tristissimae
1749 4115 1841 4183 cladi
1864 4120 2121 4206 superfuerant.

1132 4216 1257 4286 Postea
1272 4211 1397 4281 Victor
1416 4211 1490 4301 ipse
1504 4208 1642 4289 Atticae
1660 4214 1811 4284 civitatis
1827 4217 1981 4285 osticium
1998 4222 2122 4293 lauda-
2223 4274 2230 4280 -

1132 4319 1195 4388 vit.
1246 4312 1427 4382 Florentia
1449 4325 1483 4381 et
1496 4311 1659 4409 Ferraria
1676 4317 1794 4386 exules
1810 4338 1950 4408 graecos
1964 4317 2124 4418 Argyro-

1133 4419 1234 4512 pylos
1263 4429 1299 4483 et
1324 4411 1456 4483 Gazam
1484 4429 1703 4507 exceperunt.
1768 4415 1871 4486 Nunc
1899 4445 1974 4489 non
2006 4428 2122 4498 solum

1133 4519 1237 4589 nobis
1261 4511 1455 4607 hospitium
1480 4518 1584 4587 offert
1606 4511 1837 4609 Noribergae,
1871 4525 1932 4591 sed
1953 4538 1994 4594 ut
2015 4531 2122 4601 audio

1133 4617 1359 4701 scholasticos
1381 4617 1485 4686 etiam
1509 4641 1679 4708 pauperes
1702 4622 1851 4704 multos,
1876 4626 1939 4715 qui
1963 4651 2003 4696 ex
2025 4645 2123 4701 utra-

1133 4748 1201 4816 que
1220 4718 1407 4790 Academia
1431 4719 1516 4788 illuc
1539 4734 1731 4805 venerunt,
1760 4723 1833 4794 alit.
1886 4720 1982 4798 Deus
2000 4734 2124 4806 reddat

1132 4824 1280 4914 gratiam
1295 4820 1509 4909 Noribergae
1534 4845 1598 4908 pro
1620 4816 1686 4890 hoc
1710 4823 1768 4911 pio
1792 4825 1926 4913 officio,
1952 4843 1987 4899 et
2010 4850 2124 4907 servet

1132 4927 1251 5018 aliqua
1275 4921 1456 4991 doctrinae
1471 4936 1506 4990 et
1524 4920 1676 4992 Virtutis
1694 4926 1885 4997 domicilia.
1936 4931 2043 5005 Mitto
2060 4939 2126 5007 tibi

1133 5025 1331 5116 exemplum
1369 5021 1568 5094 litterarum
1609 5049 1696 5117 quas
1726 5029 1776 5110 ,ad
1809 5044 1969 5101 senatum
2000 5038 2125 5130 scripsi
2218 5074 2221 5078 >

1133 5130 1249 5223 quod,
1272 5125 1303 5194 si
1318 5123 1498 5194 videbitur
1513 5125 1618 5215 leges.
1669 5125 1782 5199 Valde
1797 5146 1913 5202 autem
1929 5146 1963 5201 te
1977 5160 2059 5223 oro,
2084 5155 2125 5215 ut

1134 5234 1177 5302 de
1199 5231 1269 5299 tuis
1291 5227 1398 5296 rebus
1414 5227 1459 5297 ad
1477 5250 1543 5296 nos
1555 5227 1708 5313 scribas,
1727 5233 1865 5327 ‚poteris
1881 5235 1975 5303 euim
1991 5238 2127 5313 litteras

1134 5334 1273 5403 mittere
1290 5328 1329 5397 in
1344 5351 1460 5398 arcem
1472 5328 1717 5401 Vinariensem
1733 5333 1777 5402 ad
1792 5326 2126 5412 IohannemKest·

1136 5457 1217 5522 ner,
1242 5433 1362 5543 virum
1384 5428 1651 5523 integerrimum
1674 5448 1708 5505 et
1723 5433 1777 5505 tui
1790 5436 1968 5510 amantiss.
1984 5440 2128 5519 decrevi

1327 5542 1414 5618 at*
