4748 6022
166 97 244 171 aar
753 104 1193 189 urrsrouauuu
1249 120 1358 198 ma.
1390 120 1436 198 x.
1490 121 1626 200 1547.
2133 138 2215 233 aas

170 296 260 355 tum,
312 275 459 347 Venisse
475 276 515 344 in
527 269 782 370 Bambergam
798 282 940 367 scimus,
967 284 1162 373 petiturum
1216 294 1389 381 gubernet
1410 308 1485 366 toto
1514 312 1655 388 pectore
1678 326 1752 372 oro.
1804 301 1902 375 Bene
1925 308 2013 381 vale.
2065 311 2100 387 8.
2124 311 2208 385 ldus

172 372 395 474 Coburgam.
448 372 750 450 Ferdinandicas
765 396 799 452 et
814 377 1086 457 Mauritianas
1104 413 1165 458 co·
1215 390 1361 486 Aprilis.

170 489 247 578 pias
268 508 343 551 non
369 482 472 551 valde
496 484 749 557 metuebamus.
801 484 872 556 Sed
891 482 1022 581 Aquila
1048 492 1165 561 fatalis
1281 534 1287 545 ›
1720 500 1910 598 Philippus
1931 510 2157 585 Melanthost

170 611 243 658 esse
264 581 442 654 Ecclesiae
465 585 573 669 solet,
611 599 651 655 ut
675 587 781 676 paulo
805 601 888 659 ante
910 604 1033 661 uatum
1057 589 1165 663 Chri-

169 703 262 759 stum
288 687 539 784 lerosolymam
561 689 699 782 aquilae
728 691 885 761 invectae
915 708 1009 767 suut.
1067 690 1166 779 Mihi
1612 710 1625 716 ’“
1671 710 2197 735 ““·“-··“·“···-·--·

169 794 213 861 ad
231 792 393 883 publicos
410 793 551 861 dolores
566 792 779 862 domesticus
794 795 910 865 luctus
922 796 1068 870 accedit.
1102 795 1165 865 Fi·
1215 828 1270 899 No
1298 831 1397 905 3327
2084 857 2104 916 h

169 896 217 963 lia
234 892 379 962 Hanna
395 895 433 962 in
448 888 608 961 Prassia
623 907 763 964 mortua
780 909 849 982 est,
875 911 909 967 et
932 923 1028 968 nunc
1051 912 1165 969 mater
1223 884 1409 954 »ἒν-ν’
2034 855 2205 974 Q

169 1002 278 1072 tantis
300 999 513 1069 cruciatibus
535 998 664 1067 calculi
685 999 926 1085 conflictatur,
962 1015 1003 1071 ut
1023 1003 1067 1070 de
1092 1002 1163 1071 vita
1517 1002 1703 1119 Geor-gio
1727 1008 1912 1099 Anhalg

168 1104 386 1219 dnbstffiul:
444 1098 541 1219 pens
569 1100 680 1169 lentat
712 1114 745 1169 ⁸²
773 1103 910 1219 miti-get
942 1104 1101 1221 publicas
1119 1118 1164 1219 'et
1285 1161 1559 1231 aucupaturi.
1579 1167 1679 1233 aaa.
1699 1168 1765 1237 (eea
1793 1110 1873 1222 bona
1900 1169 1937 1222 aa
1963 1169 1986 1222 u
2014 1188 2028 1222 e
2073 1172 2145 1225 arar
2175 1211 2210 1221 -

167 1206 506 1299 peraldSffllSel'lflssa
558 1201 655 1272 Bene
671 1204 760 1271 Vfile·
812 1202 1162 1273 Tabretlratrrmrt-
1317 1190 2209 1314 tninultistaneepinotamcorticeis-eeum'sedueiitiqdi's'que

169 1323 206 1378 to
222 1307 386 1398 pagellas·
438 1302 596 1376 Salutem
613 1317 695 1395 opto
713 1305 792 1373 vim
809 1307 944 1395 optimo
967 1321 1028 1375 tuo
1055 1307 1160 1399 patri,
1315 1299 1401 1366 videt,
1422 1306 1845 1376 quanquamverborummagna
1864 1318 1903 1360 est
1923 1308 2074 1365 diversitas.
2111 1312 2209 1367 Nescio

169 1424 204 1481 et
218 1411 402 1480 universae
419 1407 591 1491 familiae,
619 1420 653 1476 et
667 1402 888 1475 Hermanno
909 1423 1031 1477 nostro
1094 1406 1161 1478 Die
1314 1370 1758 1497 isstl'fbliiirlctloblsuidrbnillil
1780 1376 1897 1430 conflata
1918 1379 2002 1439 silex
2025 1378 2132 1433 duobus
2150 1380 2209 1452 ‘Pi'

1034 1463 1043 1481 ⁰
1761 1463 1838 1498 num.

194 1509 255 1588 .A
282 1511 368 1579 rilis.

165 1515 193 1588 ὃ
223 1538 505 1708 ·pCasparum,
552 1613 614 1705 qui
646 1627 782 1703 praeest
811 1605 1034 1708 Myrupolio
1067 1614 1161 1702 apud
1395 1576 1601 1679 G‘076'i0
1626 1578 1795 1683 P'i'lc'l’l
1819 1588 1858 1657 ’ἢ
1883 1584 2030 1660 Anima

167 1742 257 1803 nos,
284 1718 400 1784 virum
419 1717 597 1805 integrum
620 1730 654 1786 et
677 1717 843 1800 doctum,
877 1728 912 1786 et
932 1716 1068 1785 utiliter
1088 1739 1163 1782 ser·
1213 1690 1255 1783 S.
1277 1712 1323 1786 D.
1376 1715 1618 1792 lllustrissime
1634 1720 1816 1814 Princeps.
1871 1724 1974 1796 Utin
1989 1723 2130 1797 Psalmo
2154 1730 2212 1799 di-

169 1822 324 1890 vientem
339 1816 584 1908 Reipublicae,
605 1817 670 1886 tibi
684 1821 904 1887 commendo.
938 1817 1047 1887 Venit
1063 1819 1163 1901 istuc,
1215 1819 1323 1888 citur:
1348 1816 1703 1914 psallamDeomeo
1718 1849 1832 1922 petam
1848 1821 1913 1895 diu
1923 1826 2049 1924 sacro,
2077 1833 2125 1899 ita
2144 1855 2210 1900 uos

168 1936 209 1994 ut
231 1935 325 1992 emat
346 1945 401 1990 res
416 1920 647 2004 necessarias,
673 1944 782 2012 quare
796 1935 831 1990 et
844 1920 981 1991 civibus
999 1921 1068 1990 tuis
1081 1944 1162 1990 cum
1214 1924 1327 1990 donec
1351 1947 1556 2012 possumus,
1596 1928 1748 1997 fideliter
1769 1952 2002 2019 propagemus
2023 1926 2211 2020 Evangelii

170 2016 446 2096 commendabis.
498 2020 631 2092 lterum
648 2023 736 2094 vale.
1214 2048 1359 2110 vocem,
1392 2026 1466 2095 sive
1487 2026 1636 2118 imperia
1658 2030 1851 2122 tranquilla
1873 2031 1963 2111 sint,
1985 2031 2060 2101 sive
2083 2034 2210 2103 turbu-

1213 2127 1320 2195 lenta.

179 2252 1042 2267 ’-··-·-··-“····-·-*·····--“’··-
1069 2252 1158 2259 “-
1315 2225 1578 2301 Conciunculas
1600 2226 1640 2304 C.
1665 2230 1708 2305 V.
1732 2234 1888 2305 redditas
1909 2257 1982 2304 esse
2008 2235 2143 2325 gaudeo
2159 2226 2209 2329 ¹'),

181 2376 236 2448 No
266 2375 368 2449 3826
1022 2385 1052 2446 6.
1072 2375 1148 2460 Apr.
1215 2355 1301 2425 quas
1332 2332 1403 2400 scio
1435 2332 1579 2429 quidem
1608 2335 1734 2424 procul
1761 2334 1880 2405 abesse
1905 2339 1950 2406 ab
1974 2336 2211 2427 amplitudine

239 2428 249 2451 ⁰
371 2428 380 2449 ⁰
986 2469 1157 2498 m
1214 2434 1426 2522 argumenti,
1451 2436 1511 2503 sed
1529 2448 1743 2505 tamencum
1759 2456 1933 2507 resvcras
1949 2454 1980 2508 et
1997 2439 2209 2508 necessarias

1215 2534 1440 2620 contineant,
1476 2560 1579 2628 spero
1602 2561 1660 2607 eas
1680 2537 1750 2629 piis
1770 2540 1913 2609 iudiciis
1931 2540 2086 2631 probari.
2138 2538 2209 2610 Fa·

1215 2637 1348 2706 ciamus
1365 2639 1550 2730 deinceps,
1575 2641 1672 2732 quod
1689 2640 1761 2727 feci
1779 2656 1899 2728 antea3
1927 2642 1991 2712 ubi
2013 2655 2149 2734 potero¹
2166 2642 2211 2709 il-

240 2752 318 2808 Ediu
329 2752 360 2805 in
375 2749 404 2806 S.
417 2751 453 2806 Α.
467 2749 608 2806 Gabbema
622 2752 699 2823 epta.
716 2750 816 2805 atuor.
832 2749 918 2833 viror.
937 2768 965 2821 p.
978 2749 1022 2804 71.
1214 2741 1373 2809 lustrabo
1395 2741 1596 2810 doctrinam
1624 2743 1875 2824 necessariam,
1906 2759 1941 2814 et
1962 2745 2040 2835 pios
2062 2746 2108 2813 ad
2125 2767 2212 2813 con-

452 2908 461 2926 ,
623 2908 662 2926 Η
836 2908 843 2926 ,
1158 2907 1166 2925 ,
1215 2843 1373 2911 cordiam
1395 2838 1578 2913 hortabor.
1635 2843 1846 2937 Principum
1870 2846 2029 2915 consiliis
2050 2870 2126 2916 non
2147 2847 2211 2915 ad-

166 2906 379 2983 Reeerendo
402 2905 445 2987 V
445 2935 501 2980 aro
523 2906 726 2981 eruditione
750 2918 782 2979 el
806 2917 935 2979 cartule
981 2916 1163 2978 raestantr
1213 2940 1361 3029 ΜΒΝ,

166 3012 224 3087 D.
248 3008 466 3083 Iohanni
492 3007 689 3107 Aepino,
731 3008 893 3082 Ductori
957 3006 1161 3105 heologiae,

165 3113 394 3212 gubernanti
409 3110 617 3183 Ecclesiam
633 3109 715 3181 Dei
729 3113 768 3181 in
785 3112 925 3208 inclyta
945 3112 1031 3185 arbe

360 3215 502 3310 burga,
526 3215 646 3285 amico
662 3239 730 3284 sao
746 3209 985 3303 charissimo,

1228 703 1524 716 -----—··—----
1531 708 1557 715 aa·
1586 708 1610 717 α.
1629 710 1669 717 ..-

175 2477 387 2510 m

518 2573 594 2686 ιΙο.
615 2571 800 2684 alepino,

1404 2958 1438 3013 et
1463 2959 1607 3036 propter
1632 2946 1787 3016 studium
1814 2948 1973 3017 veritatis
1996 2961 2030 3016 et
2054 2949 2149 3037 pacis
2170 2947 2211 3015 in

1214 3046 1364 3115 assiduis
1386 3046 1554 3136 periculis
1574 3069 1654 3115 sum
1681 3070 1795 3116 annos
1812 3047 1884 3116 iam
1902 3049 2118 3142 quindecim.
2170 3046 2212 3118 si

1040 3114 1162 3184 Ham·
1214 3162 1333 3217 tamen
1358 3170 1495 3236 possem
1518 3146 1656 3237 aliquos
1677 3150 1723 3216 ad
1750 3148 2030 3218 moderationem
2059 3150 2211 3233 flectere,

1214 3274 1287 3318 non
1306 3250 1461 3316 deessem
1486 3248 1673 3321 occasioni.
1727 3247 1861 3318 Verum
1884 3251 1996 3320 initiis
2018 3274 2210 3319 occurren-

161 3327 211 3418 S.
232 3348 273 3425 P.
322 3347 534 3421 Reverende
549 3346 595 3423 D.
611 3344 767 3447 Aepine,
791 3349 939 3439 gratiam
957 3351 1024 3420 tibi
1048 3344 1162 3421 habeo
1214 3349 1394 3420 dumfuit.
1448 3347 1520 3437 Qui
1536 3350 1734 3441 principem
1751 3352 1916 3420 iuvenem
1933 3353 2105 3422 armarint
2123 3376 2211 3422 con-

164 3454 330 3524 meritam
357 3468 501 3545 propter
530 3454 815 3523 benevolentiam
844 3472 925 3539 erga
954 3476 1010 3520 me
1036 3476 1162 3544 perpe·
1213 3467 1268 3525 tra
1292 3452 1465 3543 patriam,
1506 3477 1579 3520 non
1610 3452 1712 3522 valde
1739 3454 1929 3523 obscumm
1955 3469 2023 3539 est,
2056 3479 2210 3546 quorum

165 3569 282 3641 tuam,
308 3568 343 3626 et
358 3580 455 3626 nunc
472 3552 666 3647 hospitium
682 3555 866 3627 deserenti.
919 3554 981 3624 Me
1003 3556 1162 3625 fortassis
1213 3555 1378 3624 voluntas
1392 3577 1482 3647 quae
1497 3555 1542 3623 sit
1558 3576 1638 3643 erga
1654 3550 1849 3624 Ecclesiam
1865 3556 1970 3626 etiam
1988 3557 2071 3628 scio.
2109 3555 2210 3644 Qua-

164 3658 277 3729 latum
301 3658 447 3752 aliquod
473 3654 532 3727 hic
556 3658 704 3747 alligat:·
720 3658 872 3749 amplius
892 3680 1014 3728 mense
1037 3681 1161 3747 aegro·
1213 3682 1250 3727 re
1266 3682 1345 3725 cum
1359 3680 1456 3725 nunc
1470 3651 1638 3725 humanis
1657 3657 1816 3726 consiliis
1840 3671 1978 3729 tantum
2002 3658 2208 3728 incendium

166 3761 254 3830 tavit
285 3785 360 3829 mea
393 3761 529 3852 neptis,
569 3783 659 3854 quae
684 3760 871 3829 nobiscum
897 3760 998 3829 vivit.
1058 3738 1162 3828 Nunc
1214 3759 1370 3847 extingui
1387 3759 1445 3847 vix
1462 3782 1564 3849 posse
1580 3759 1760 3842 videatur,
1789 3760 1910 3830 Deum
1935 3773 2116 3829 aeternum
2145 3784 2209 3851 pa-

166 3876 322 3953 aegrotat
347 3888 445 3933 uxor.
504 3859 580 3951 Ego
608 3863 716 3952 igitur
739 3875 772 3931 ct
801 3864 980 3952 publicam
1013 3863 1159 3930 salutem
1212 3877 1302 3932 trem
1325 3861 1472 3930 domini·
1488 3860 1601 3929 nostri
1626 3859 1704 3929 lesu
1720 3856 1853 3929 Christi
1878 3887 1942 3931 oro
1967 3864 2059 3931 veris
2074 3876 2107 3931 et
2122 3862 2209 3930 assi-

164 3960 242 4055 Deo
259 3967 488 4045 commendo,
515 3989 580 4034 nec
605 3988 661 4032 me
681 3964 785 4033 valde
807 3965 913 4033 velim
937 3964 1160 4055 superstitem
1213 3964 1293 4032 duis
1315 3963 1521 4052 gemitibus,
1547 3976 1588 4030 ut
1610 3963 1670 4028 alii
1698 3962 1821 4045 multi,
1847 3978 1888 4032 ut
1909 3965 2004 4055 piam
2027 3978 2063 4033 et
2077 3964 2209 4033 saluta·
2236 3980 2241 3985 ’

166 4090 252 4152 esse,
277 4093 317 4137 ac
333 4080 489 4158 spectare
503 4065 719 4136 calamitates
738 4089 896 4135 mearum
912 4062 1161 4150 Ecclesiarum,
1213 4090 1286 4135 rem
1302 4087 1422 4155 pacem
1437 4064 1610 4134 restituat.
1662 4056 1904 4133 Macedonem
1921 4065 2074 4135 arbitror
2091 4077 2125 4133 et
2146 4065 2210 4135 de-

166 4169 197 4237 si
211 4166 362 4262 Aquilae
371 4163 407 4261 *)
424 4166 520 4238 Deus
536 4167 717 4259 permittet
735 4165 774 4232 in
791 4188 847 4234 eas
868 4191 1026 4238 exercere
1047 4169 1161 4237 saevi·
1213 4166 1412 4257 speratione
1435 4178 1468 4233 et
1492 4166 1564 4235 fato
1589 4167 1744 4256 quodam
1770 4167 1955 4257 impediri,
1989 4190 2033 4233 ne
2057 4166 2101 4235 de
2123 4190 2209 4259 pace

165 4271 263 4346 tiam.
313 4270 437 4341 Habeo
463 4273 644 4341 decretum
666 4260 911 4336 Tridentinae
932 4264 1096 4361 Synodi,
1122 4269 1160 4336 in
1195 4269 1305 4336 -inter
1327 4279 1493 4357 cognatos
1517 4280 1606 4356 agat.
1666 4266 1735 4337 Sed
1762 4270 1790 4336 si
1816 4268 1923 4336 velim
1946 4262 2006 4334 hic
2027 4290 2209 4338 recensere

166 4398 236 4467 qua
259 4376 450 4444 damnatur
475 4397 543 4442 vor
564 4372 686 4441 diviua
708 4373 754 4439 de
771 4368 908 4440 lustitia
933 4370 1160 4437 lideisonans
1212 4368 1391 4461 querelas,
1423 4367 1565 4458 longam
1591 4366 1702 4437 Iliada
1728 4371 1928 4438 scriberem.
1980 4366 2126 4439 Turcici
2148 4394 2209 4439 er-

166 4476 205 4543 in
221 4473 389 4546 Ecclesiis
406 4475 548 4547 nostris.
599 4473 725 4543 Telam
745 4472 854 4563 igitur
876 4495 997 4540 exorsa
1022 4485 1073 4540 est
1090 4469 1160 4565 sy-
1211 4471 1341 4539 ercitus
1372 4484 1529 4541 recentes
1555 4472 1594 4538 in
1619 4468 1842 4539 Pannoniam
1864 4470 2001 4538 venisse
2025 4471 2208 4542 dicuntur.

165 4580 283 4648 nodus
302 4577 525 4648 damnandae
540 4576 718 4655 veritatis,
746 4576 834 4645 etin
854 4574 933 4643 aliis
955 4573 1078 4643 multis
1101 4597 1158 4641 ar·
1211 4569 1364 4642 Accedet
1384 4572 1494 4661 igitur
1513 4574 1557 4644 ad
1584 4571 1688 4639 civile
1716 4570 1921 4671 incendium
1954 4572 2060 4641 etiam
2093 4587 2209 4644 exter-

164 4680 295 4755 ticulis.
346 4677 417 4751 Sed
433 4678 463 4747 si
476 4679 613 4757 vivam,
636 4679 737 4748 edam
754 4677 1004 4748 refutationem
1029 4675 1159 4744 adiun-
1210 4699 1297 4745 num
1326 4675 1472 4747 bellum.
1535 4672 1634 4742 Inter
1664 4666 1752 4743 haec
1778 4674 1873 4743 mala
1905 4687 2025 4743 tamen
2053 4675 2209 4746 servabit

164 4782 230 4852 ctis
263 4780 475 4851 testimoniis
505 4779 708 4850 docentium
742 4779 781 4847 in
818 4779 947 4850 nostris
979 4774 1159 4847 Ecclesiis.
1209 4778 1310 4848 Deus
1331 4771 1547 4861 Ecclesiam,
1578 4798 1652 4845 non
1678 4798 1760 4845 arcu
1785 4788 1821 4846 et
1846 4776 1964 4867 gladio
1980 4790 2122 4857 nostro,
2146 4777 2207 4847 sed

163 4878 242 4954 Etsi
263 4896 382 4953 autem
402 4881 572 4954 terribilis
588 4893 641 4951 est
654 4878 807 4974 Aquilae
823 4883 1014 4964 adventus,
1039 4894 1156 4949 tamen
1210 4880 1248 4947 in
1268 4879 1347 4948 Deo
1371 4891 1493 4949 nostro
1518 4888 1631 4963 nant,
1669 4890 1711 4949 ot
1743 4878 1861 4949 verbis
1889 4873 2088 4970 Prophetae
2115 4892 2207 4953 utar.

162 5009 265 5087 spero
280 4982 397 5057 Deum
420 4985 701 5076 gubernaturum
725 5005 799 5054 esse
823 4976 889 5052 laos
912 4997 1045 5069 metus,
1070 4995 1105 5053 et
1119 4996 1159 5053 ut
1208 4978 1306 5051 Bene
1322 4979 1436 5050 valeat
1448 4976 1490 5051 C.
1505 4976 1551 5053 V.

1208 5136 1437 5150 --—-—

1242 5239 1274 5307 ¹¹)
1293 5240 1356 5297 viel.
1367 5260 1449 5315 supra
1468 5240 1547 5317 epist.
1564 5238 1599 5297 ed
1612 5240 1793 5311 Anlteltiruuu
1806 5242 1833 5297 t.
1848 5240 1935 5300 (1.27.
1952 5243 2036 5299 Mart.
2050 5252 2077 5297 et
2095 5242 2207 5298 ineunte

195 5320 221 5386 ‘l
241 5314 340 5373 Catulo
353 5311 524 5388 lmperatori.
1279 5311 1378 5384 Aprili.
