4748 6022
64 345 141 425 558
659 332 1095 412 utusrouattuor
1143 331 1322 413 uma
1375 333 1505 413 1547.
2035 336 2111 414 554
2193 412 2197 418 ,

53 505 141 609 ⁸Ego
163 515 333 588 familiam
354 538 467 584 meam
491 514 528 582 in
548 512 718 604 oppidum
732 503 950 581 Northnsen
963 507 1064 594 duxi,
1114 523 1245 580 ctorem
1266 506 1415 581 Iustum
1437 504 1592 597 Ionam,
1624 510 1724 583 cuius
1742 514 1777 584 et
1802 509 1955 584 eruditio
1984 525 2015 584 et
2038 513 2113 582 elo·

62 623 129 692 ubi
143 620 209 689 Dci
229 618 398 687 beneficio
419 617 607 685 mediocris
625 628 674 683 est
692 614 941 706 tranquillitas.
985 610 1063 681 Etsi
1113 615 1255 705 quentia
1286 629 1321 684 et
1344 615 1456 684 virtus
1481 628 1533 685 est
1554 617 1747 699 excellens,
1780 632 1813 687 et
1840 618 2013 687 senectuti
2036 614 2111 685 eins

65 725 211 812 longum
236 722 303 789 iter
320 719 495 809 suscipere
512 742 566 785 me
583 739 719 784 necesse
736 728 805 798 est,
832 730 948 784 tamen
965 728 1063 784 tanto
1112 715 1181 782 iam
1204 716 1440 809 tranquillitas
1463 717 1667 790 debebatur.
1720 717 1788 788 Sed
1812 743 1892 787 cum
1916 715 2111 787 Ecclesiam

65 824 242 894 desiderio
265 834 469 889 nostrorum
496 820 707 900 amicorum,
739 817 901 908 quitum
925 817 962 884 in
988 817 1063 907 ipso
1112 816 1178 885 Dei
1192 818 1229 885 iu
1240 814 1388 887 Salinis
1400 816 1582 888 Saxonicis
1596 819 1748 889 fideliter
1760 821 1978 907 gubernarit,
2002 818 2110 889 etiam

65 926 197 1017 oppido
223 923 433 1010 Viteberga,
465 934 540 987 tum
570 919 608 986 in
633 919 763 987 vicinia
787 931 887 1001 sunt,
920 919 1063 1000 allicior,
1111 933 1191 987 ante
1214 921 1348 988 bellum
1372 920 1522 991 incurrit
1538 921 1575 988 in
1591 921 1712 990 odium
1731 920 1870 990 Turcae
1890 914 1946 1015 ⁸),
1970 932 2004 989 et
2019 943 2109 1011 quo-

64 1041 105 1097 ut
127 1027 287 1094 nondum
311 1022 448 1109 ingredi
472 1021 539 1088 iter
560 1011 803 1113 potuerim*).
854 1018 939 1086 Misi
958 1020 1062 1088 etiam
1111 1022 1261 1088 rundam
1279 1020 1636 1093 Turcaeamicornm.
1689 1020 1820 1109 Quare,
1845 1034 1928 1090 cum
1942 1022 2112 1103 nunciuf

63 1127 235 1197 nuncium
259 1123 545 1208 Vittenbergam,
573 1133 616 1188 ut
644 1120 821 1210 explorem
846 1122 969 1211 oppidi
993 1135 1064 1189 sta·
1111 1122 1259 1205 dicaret,
1285 1145 1321 1190 se
1335 1123 1385 1190 ibi
1401 1146 1476 1191 non
1491 1124 1567 1191 sine
1583 1122 1741 1215 periculo
1756 1124 1917 1192 futurum
1932 1145 2023 1206 esse,
2044 1145 2108 1190 suo

62 1243 153 1299 tum.
205 1225 312 1294 Fama
336 1225 374 1290 iu
390 1221 523 1292 Salinis
547 1210 800 1312 dc‘Crucigeri
815 1235 928 1290 morte
944 1245 1061 1312 sparsa
1110 1223 1258 1291 consilio
1282 1225 1451 1296 discessit.
1501 1221 1592 1293 Cum
1611 1237 1728 1293 autem
1746 1222 1898 1293 Senatus
1915 1232 2028 1294 vester
2044 1246 2110 1291 an-

64 1343 136 1410 est,
161 1350 268 1417 qnae,
295 1326 325 1393 si
342 1348 424 1391 vera
441 1337 510 1406 est,
537 1322 601 1390 etsi
620 1323 693 1411 ipse
712 1326 833 1390 beatus
851 1336 918 1407 est,
943 1335 1062 1392 tamen
1110 1338 1163 1393 tea
1188 1326 1333 1393 eumad
1354 1326 1646 1413 gubernationem
1661 1322 1839 1396 Ecclesiae
1860 1338 1993 1394 vestrae
2013 1323 2108 1393 invi·

62 1427 241 1498 Ecclesiae
263 1439 297 1495 et
312 1423 431 1494 nostra
449 1445 552 1492 cansa
567 1425 681 1495 doleo.
734 1421 847 1492 Valde
863 1438 898 1492 te
915 1447 996 1507 oro,
1022 1438 1062 1493 ut
1110 1424 1209 1508 tarit,
1235 1426 1338 1510 duxi,
1364 1430 1409 1494 ad
1432 1441 1465 1496 te
1489 1428 1716 1500 scribendum
1738 1451 1832 1510 esse,
1858 1440 1898 1496 nt
1915 1426 1980 1496 tibi
1997 1423 2108 1512 signi·

63 1529 286 1619 respondeas.
346 1523 561 1616 Quanquam
583 1539 700 1595 autem
726 1547 853 1612 magno
879 1525 916 1593 in
937 1526 1061 1593 dolore
1108 1526 1265 1610 licarem,
1298 1539 1332 1595 et
1354 1527 1466 1596 otium
1488 1529 1518 1598 ei
1544 1552 1640 1597 nunc
1653 1551 1725 1598 esse
1741 1543 1775 1598 et
1791 1528 2009 1597 voluntatem
2031 1526 2106 1594 eius

60 1645 98 1700 te
119 1654 192 1698 esse
213 1640 357 1719 propter
375 1627 534 1717 publicas
557 1639 590 1695 et
606 1619 761 1716 privatas
776 1627 989 1695 calamitates
1004 1651 1061 1694 ar·
1107 1650 1181 1694 non
1197 1623 1419 1697 abborrerea
1440 1643 1571 1698 vestrae
1588 1627 1766 1698 Ecclesiae
1778 1629 2051 1717 gubernatione,
2076 1626 2106 1695 si

54 1733 191 1815 'bitror3
219 1743 336 1798 tamen
354 1726 397 1795 iis
412 1741 447 1796 te
463 1727 764 1796 consolationibus
781 1741 946 1810 sustenta,
971 1752 1060 1819 qnae
1106 1728 1219 1798 literis
1240 1728 1389 1799 Senatus
1412 1753 1535 1800 rursus
1557 1731 1742 1799 accersitus
1761 1731 1882 1816 luerit.
1933 1727 2030 1798 Haec
2046 1751 2106 1796 ex-

59 1821 157 1902 Dens
178 1827 356 1898 Ecclesiae
385 1851 467 1897 suae
497 1829 692 1917 proposuit.
748 1826 916 1897 Feramus
942 1828 1060 1916 igitur,
1106 1852 1237 1918 ponere
1262 1843 1293 1898 te
1316 1831 1360 1898 iis
1378 1832 1503 1915 velim,
1528 1832 1590 1923 qui
1608 1829 1841 1920 Reipublicae
1853 1845 1987 1900 vestrae
2004 1849 2105 1920 prae-

59 1946 101 2003 ut
114 1932 310 2001 Hieremias
327 1930 364 1997 in
378 1952 445 1998 sua
462 1929 632 1997 concione
645 1927 747 2017 legit,
775 1925 901 2021 iugum
918 1925 1003 2009 Dei,
1027 1944 1060 1998 et
1106 1943 1200 1998 sunt„
1250 1928 1298 2001 Et
1321 1956 1400 2000 cum
1423 1932 1533 2001 fueris
1555 1955 1614 2001 eos
1630 1927 1812 2015 hortatus,
1837 1945 1878 2000 ut
1893 1926 2030 1999 Ionam
2046 1953 2105 1999 ac-

59 2034 105 2103 ab
121 2059 161 2102 eo
177 2046 347 2122 petamus,
372 2044 406 2099 et
417 2043 639 2120 expectemus
655 2029 911 2117 mitigationem
927 2055 1059 2121 poena·
1106 2044 1261 2112 cersant‚
1293 2033 1379 2125 quid
1403 2034 1581 2103 decretum
1609 2034 1672 2116 sit,
1705 2046 1739 2102 et
1753 2029 1843 2101 mihi
1860 2047 1895 2102 et
1909 2033 1977 2123 ipsi
1994 2030 2104 2121 signi-

58 2143 160 2218 rum‘,
191 2147 226 2203 et
246 2132 532 2210 meminerimus,
556 2130 667 2217 ipsius
692 2134 856 2200 mandata
879 2155 970 2216 esse,
996 2155 1058 2222 pe·
1104 2133 1234 2201 licabis.
1272 2132 1362 2203 Nam
1376 2137 1467 2224 apud
1485 2137 1628 2225 eosdem!
1643 2159 1785 2225 quoque
1802 2134 1997 2222 ingenium,
2023 2157 2104 2202 eru·

60 2250 135 2305 tere
150 2246 182 2303 et
198 2247 378 2322 expectare
396 2231 640 2301 liberationem
656 2245 688 2299 et
704 2231 742 2298 in
761 2230 836 2300 eius
852 2233 1058 2322 promissio·
1104 2234 1276 2303 ditionem
1305 2248 1338 2304 et
1364 2237 1528 2304 virtutem
1553 2248 1649 2305 tuam
1672 2236 1891 2324 praedicavi,
1923 2259 1963 2303 ac
1984 2235 2104 2302 literas

59 2338 167 2404 nibus
208 2334 445 2425 acquiescere,
496 2330 631 2400 etiamsi
674 2331 836 2401 liberatio
883 2335 1057 2427 d‘illertur.
1103 2335 1222 2403 mittes
1236 2336 1273 2401 iu
1286 2328 1683 2426 oppidumNorllsoscn
1700 2337 1744 2404 ad
1759 2332 1961 2419 Consulem,
1986 2335 2104 2402 virum
2161 2364 2164 2370 ·

58 2435 156 2505 Bene
169 2435 257 2504 vale.
290 2431 455 2502 Calendis
471 2430 577 2500 lunii.
613 2426 822 2507 Northusae.
855 2432 978 2504 Scribe
993 2435 1056 2504 ubi
1103 2432 1364 2520 Clarissimum,
1394 2434 1591 2505 Dominum
1612 2429 1844 2505 Michaeam
1866 2430 2103 2526 Meienbnrg.

60 2538 132 2606 sint
147 2535 324 2627 principes
341 2530 496 2605 Ascanii.
527 2529 637 2606 1547.
1105 2535 1213 2604 Vides
1244 2551 1443 2628 temporum
1476 2538 1691 2606 varietatem.
1764 2530 1978 2632 †Quadam
2007 2535 2103 2605 enim

818 2629 884 2709 Pb.
901 2633 955 2709 Μ.
1104 2637 1250 2705 obscura
1266 2631 1492 2730 συμπνεύσει
1507 2633 1575 2708 boc
1590 2651 1698 2727 agunt
1712 2638 1894 2729 pontifices
1908 2632 1972 2708 καὶ
1989 2633 2023 2708 οἱ
2041 2632 2103 2709 eai-
2157 2670 2161 2682 ¹

1103 2741 1238 2834 γενεῖς,
1274 2753 1315 2808 ut
1344 2741 1459 2809 lucem
1482 2765 1585 2809 verae
1605 2740 1788 2810 doctrinae
1816 2740 2040 2828 extinguant,
2068 2750 2103 2806 et
2223 2829 2229 2837 ι

1104 2863 1167 2907 suo
1195 2840 1343 2909 arbitrio
1371 2842 1559 2928 religiones
1579 2841 1858 2910 accommodatas
1878 2842 1922 2908 ad
1942 2840 2101 2930 ipsorum

70 2963 139 3035 No·
154 2950 265 3036 3393,
935 2976 967 3032 1,
987 2962 1055 3028 hm,
1104 2941 1297 3058 potenpiam
1321 2956 1356 3012 et
1379 2943 1587 3031 cupiditates
1603 2940 1837 3011 constituant”
1855 2933 1927 3034 ”).
1977 2938 2051 3008 Piis
2065 2952 2101 3009 et

56 3056 269 3090 ww
917 3054 1055 3081 Μ
1103 3041 1233 3125 doctis,
1257 3055 1428 3133 quantum
1452 3045 1607 3111 modeste
1623 3045 1736 3110 facere
1752 3064 1957 3131 possumus,
1981 3040 2099 3109 danda

373 3128 512 3213 [aar.
537 3125 738 3215 Mollem.
1104 3155 1154 3210 est
1175 3165 1300 3231 opera,
1327 3159 1365 3213 ut
1384 3143 1552 3212 Doctores
1567 3143 1812 3232 praeficiantur
1827 3138 1995 3212 Ecclesiis
2009 3153 2102 3209 recte
2131 3192 2138 3202 .

209 3246 394 3362 ΕΡίΜίὲΝ.
415 3308 442 3360 p.
455 3288 508 3341 444
521 3307 579 3360 sqq.
775 3282 778 3288 -
1104 3244 1232 3311 eruditi
1255 3257 1288 3311 et
1312 3243 1460 3330 integri,
1486 3269 1526 3312 ac
1544 3267 1664 3333 spero,
1689 3241 1766 3311 Deo
1786 3243 1949 3327 iuvante,
1974 3240 2099 3311 Ionam

592 3358 600 3367 ”
701 3329 709 3359 ’
1103 3356 1137 3413 et
1157 3340 1333 3412 Ecclesiae
1358 3357 1493 3412 vestrae
1511 3345 1635 3413 utilem
1658 3347 1748 3428 lore,
1774 3357 1808 3412 et
1828 3345 1940 3412 civem
1964 3345 2099 3415 bonum

303 3434 376 3512 La
388 3468 411 3512 u
422 3441 571 3512 tentio
596 3435 751 3512 Molle
763 3465 811 3512 ro
1102 3445 1196 3530 sore,
1221 3440 1288 3514 boc
1304 3460 1372 3531 est,
1394 3447 1541 3514 consilia
1557 3448 1600 3514 ad
1617 3446 1765 3514 salutem
1779 3442 1975 3531 Ecclesiae,
1999 3458 2033 3516 et
2049 3446 2100 3514 ci-

649 3549 653 3558 '
1102 3545 1220 3616 vitatis
1243 3546 1533 3638 tranquillitatem
1556 3562 1588 3616 et
1607 3546 1832 3616 concordiam
1856 3549 2099 3616 accommoda·

44 3574 97 3684 ·S
122 3590 165 3665 θ’
217 3585 401 3681 E¹¹r¹p¹d¹⁸
428 3614 548 3659 versus
575 3605 674 3672 Μ’
708 3615 861 3682 ῳωωω
881 3605 1054 3662 semem
1102 3660 1221 3717 turum
1245 3672 1336 3732 esse,
1367 3671 1520 3739 quorum
1540 3660 1732 3739 utrumque
1754 3673 1832 3716 cum
1851 3671 1988 3736 semper
2002 3647 2099 3732 alias,

55 3719 124 3762 vox
155 3705 206 3760 est
237 3690 459 3760 consentiens
491 3693 652 3759 omnium
678 3687 908 3761 bonestorum
939 3689 1055 3760 homi·
1625 3750 1635 3766 .
1869 3748 1878 3764 .
2070 3749 2079 3765 .

53 3819 143 3864 num
184 3793 374 3885 etquidem
392 3814 589 3880 congruens
605 3792 978 3864 cumvolunmenei·
1102 3760 1178 3815 tum
1192 3773 1274 3817 vero
1289 3744 1357 3818 hoc
1372 3760 1692 3840 temporemaxrme
1708 3771 1940 3830 necessarium
1957 3762 2020 3833 est,
2045 3775 2100 3816 vr·
2188 3805 2192 3812 .

98 3907 124 3967 εἲ
143 3848 189 3983 {a}
210 3903 268 3986 γὰρ
291 3899 334 3965 ὢν
355 3899 525 3982 ‘3⁷99an
545 3899 718 3983 ἀνθρώπου
739 3899 846 3984 τύχαις
1102 3850 1247 3930 delicet,
1276 3863 1316 3918 ut
1339 3851 1385 3919 sit
1404 3844 1490 3917 haec
1513 3864 1604 3917 meta
1628 3851 1723 3918 bono
1750 3849 1886 3917 doctori
1909 3851 2099 3940 proposita,

104 3983 113 4009 Ι
224 3983 232 4006 Ι
350 3983 357 4006 ἱ
455 3983 463 4007 Ι

96 4010 299 4070 mmmm,
321 4011 359 4048 ου
381 4009 559 4069 gamm,
583 3994 718 4068 ‘ww-W·
1101 3964 1141 4019 ut
1164 3947 1321 4020 Ecclesia
1352 3963 1446 4021 recte
1470 3953 1654 4045 doceatur,
1692 3962 1726 4018 et
1749 3949 1879 4018 civium
1901 3952 2100 4020 voluntates

100 4069 1055 4152 (cembomostmatstchorumhominumcalamam.
1102 4051 1381 4141 coniungantur,
1419 4051 1509 4120 sicut
1529 4048 1630 4119 Plato
1658 4049 1722 4119 ait:
1761 4043 1891 4141 νόμων
1913 4045 2097 4121 ὑπόθεσιν

97 4158 230 4220 levare
242 4154 423 4232 studerem,
445 4175 487 4216 sse
502 4174 602 4216 canus
614 4153 746 4235 quidem
759 4155 885 4237 essem.)
1101 4168 1264 4242 oportere
1280 4177 1369 4234 esse,
1394 4165 1433 4220 ut
1449 4152 1541 4219 cives
1556 4153 1629 4220 sint
1641 4146 1782 4220 honesti
1798 4167 1832 4222 et
1848 4152 1940 4221 inter
1959 4176 2097 4226 secon-

54 4261 108 4332 lta
121 4282 219 4328 nunc
233 4255 384 4323 maxime
400 4258 501 4327 decet
517 4258 630 4325 bonos
644 4257 741 4327 viros
756 4256 794 4325 in
807 4252 993 4340 Ecclesiis,
1019 4270 1054 4326 et
1100 4254 1233 4321 cordes.
1268 4248 1349 4345 περὶ
1365 4244 1571 4344 ζητήματος
1582 4254 1748 4344 respondi
1764 4255 1803 4320 in
1820 4254 1965 4345 pagella,
1989 4277 2096 4345 quam

50 4358 296 4432 misericordia
320 4355 460 4424 exulum
485 4357 604 4437 adfici,
636 4371 670 4428 et
685 4359 796 4427 lenire
812 4382 934 4428 eorum
950 4382 1052 4427 aeru-
1099 4348 1206 4422 hodie
1228 4354 1392 4442 epistolae
1409 4355 1554 4426 inserui.
1603 4354 1803 4425 Benevale.
1854 4352 2020 4424 Calendis
2036 4352 2096 4424 lu-

53 4486 166 4540 mnas,
192 4461 221 4527 si
237 4459 364 4547 quibus
379 4455 502 4525 officiis
518 4474 676 4548 possunt.
726 4460 779 4529 Ac
797 4473 892 4529 tuam
908 4460 1051 4552 quidem
1099 4455 1170 4538 nii,
1197 4450 1600 4546 inoppidoNnrtbusen
1622 4454 1731 4526 1547.

53 4567 220 4656 pietatem
246 4561 283 4626 in
308 4555 374 4626 boc
398 4581 526 4646 genere
549 4559 623 4649 ipse
644 4583 721 4629 sum
745 4573 917 4653 expertus.
967 4558 1051 4631 Fuit
1609 4552 1797 4646 Philippus
1819 4552 2045 4631 Melanthon.

55 4667 149 4736 enim
165 4655 256 4728 mibi
272 4673 484 4750 pergratum,
506 4660 601 4752 qnod
614 4684 693 4729 meo
711 4661 827 4730 dolori
843 4662 954 4731 literis
969 4686 1051 4732 sua·
1478 4662 1481 4667 ’

52 4767 195 4836 vissime
217 4762 356 4852 scriptis
376 4761 508 4829 mederi
533 4761 718 4846 studuisti,
743 4763 879 4856 tibique
901 4765 1048 4854 gratiam

53 4863 186 4948 habeo,
212 4864 302 4930 etde
317 4886 395 4981 mep
413 4862 516 4930 exilio
531 4860 681 4929 scribam
698 4863 796 4937 alias.
1096 4892 1161 4965 No.
1185 4890 1294 4967 3394·
1519 4886 1531 4898 .
1726 4905 1759 4966 2.
1776 4894 1842 4960 hm.
1859 4898 2071 4978 (Nerthum.)
2097 4848 2105 4854 -

151 4963 255 5035 Nunc
278 4964 382 5032 amici
406 4987 462 5031 res
483 4963 657 5031 videndae
669 4976 771 5047 sunt,
794 4976 835 5034 ut
849 4964 911 5045 ille
924 4965 964 5035 in
976 4960 1050 5043 ρο.
1102 4989 1314 5026 Μ

14 5156 18 5162 .
47 5067 187 5142 moedia
215 5064 341 5156 inquit.
391 5061 532 5140 Novisti
553 5064 674 5135 virum
687 5062 951 5151 Clarissimum,
972 5064 1049 5137 Do-
1463 5080 1525 5162 10,
1547 5109 1576 5161 a
1598 5076 1729 5193 Berg,

45 5218 277 5237 -μ--ι----

79 5293 110 5363 ὑ)
132 5288 262 5344 Videlicet
278 5262 439 5340 Melantbob
453 5285 639 5356 constituerat,
658 5287 812 5345 Nortlsnsse
825 5310 880 5345 non
894 5293 1048 5362 subsistere,
1079 5263 1081 5266 Ι
1100 5241 1405 5366 Qum
1416 5241 1445 5295 ἰ.
1458 5241 1519 5296 Μ’
1528 5240 1611 5297 Goll’
1626 5241 1780 5314 m'p‘ss'
1791 5255 1817 5300 ‘l
1831 5244 1898 5300 Μ’
1907 5245 1993 5320 1³⁸⁶
2006 5249 2091 5320 μω·

116 5359 164 5413 sed
178 5359 204 5410 in
218 5354 347 5426 patriam,
365 5353 658 5424 Palatinstem,·cnius
672 5378 771 5432 magno
785 5360 919 5425 desiderio
933 5367 1046 5418 teneba-
1317 5405 1335 5422 η
1432 5404 1472 5420 ...

115 5440 180 5494 tor,
203 5422 384 5479 reconferre.
431 5416 544 5479 Distulit
563 5435 651 5480 antem
670 5426 723 5482 boc
741 5429 793 5483 iter
813 5441 935 5487 retentus
951 5451 1046 5491 amose
1127 5405 1482 5477 *)0²⁰“ll¹1¹¹M²⁰1¹l”·

112 5496 289 5565 collegarum.
326 5492 387 5547 Vid.
403 5490 529 5565 eplicit
541 5494 699 5552 Sidsmnn.
711 5498 739 5553 d.
752 5496 778 5552 d.
792 5496 817 5554 ὃ.
830 5498 893 5558 lun.
1126 5498 1176 5567 ἢ)
1195 5495 1278 5549 Addit
1295 5496 1331 5549 Α.
1342 5493 1381 5549 1).
