4748 6022
184 254 258 334 105
761 255 1197 335 urrsrocaauu
1261 257 1372 336 um.
1405 256 1451 334 x.
1504 255 1638 338 1546.
2049 283 2057 293 ·
2149 214 2222 336 aaa

185 433 257 502 siae
280 424 463 523 Christi³).
522 428 578 500 Ex
600 431 644 502 iis
672 433 760 501 meis
777 431 890 502 literis
912 433 957 500 ad
973 421 1180 501 Cordalum
1332 427 1441 519 Quod
1463 453 1548 501 vero
1569 432 1698 503 attinet
1712 434 1757 502 ad
1771 433 2012 525 quaestionem
2027 435 2071 503 de
2087 433 2223 505 ieiunio

186 549 342 626 apparet,
365 558 423 604 me
440 535 484 603 de
498 547 650 626 utroque
666 535 757 604 bene
773 548 807 604 et
822 546 981 602 amanter
990 526 1025 626 ⁸)
1040 531 1182 617 sentire,
1230 532 1489 618 caeremoniali,
1514 556 1559 602 ne
1575 528 1667 604 hauc
1682 535 1826 628 quidem
1841 559 1980 605 causam
1998 536 2080 605 satis
2095 536 2222 605 iustam

185 639 231 706 de
263 649 303 729 te,
327 648 362 704 et
393 635 436 704 de
465 647 621 726 pastore:
652 637 853 728 quodcum
879 635 1101 702 verissimum
1126 634 1182 718 sit,
1228 648 1291 703 aut
1308 634 1454 723 dignam
1476 657 1548 703 esse
1571 633 1713 721 iudico,
1747 649 1789 706 ut
1810 651 1955 727 propter
1980 660 2056 706 eam
2084 636 2220 708 bellum

184 759 355 826 magnum
369 736 486 827 accepi
500 736 677 805 dolorem:
712 749 897 830 postquam
907 731 937 829 ⁷)
954 759 995 805 ex
1010 735 1081 806 tuis
1099 735 1180 806 lite·
1229 734 1452 806 inferendum
1469 748 1571 827 putes
1585 736 1649 806 toti
1663 737 1797 826 agmini
1812 738 2016 808 docentium
2033 739 2073 807 in
2089 737 2222 808 nostris

185 838 418 922 risintellexi,
441 862 504 907 vos
521 851 555 908 et
570 838 753 907 sententiis
769 853 803 909 et
818 835 1062 908 voluntatibus
1077 836 1181 906 dissi·
1227 833 1406 912 Ecclesiis.
1469 835 1552 906 Non
1577 836 1649 906 iam
1680 840 1725 907 de
1755 863 1793 907 re
1824 839 1900 930 ipsa
1923 840 2055 924 dicam,
2094 841 2156 909 sed
2178 840 2223 910 de

186 943 283 1012 dere.
334 935 1181 1031 Cumqueinpropositionibustuistamatrociter
1227 938 1404 1030 parergis,
1437 962 1527 1029 quae
1549 938 1735 1010 admisces:
1769 963 1860 1032 quac
1882 941 1939 1009 cui
1962 935 2100 1011 theatro
2123 954 2222 1031 grata

186 1034 544 1132 reprehendastotum
555 1055 693 1110 coetum
703 1041 988 1112 concionantium
1008 1041 1047 1107 in
1056 1036 1181 1109 Eccle-
1227 1041 1317 1126 sint,
1343 1064 1417 1109 non
1442 1052 1493 1109 est
1515 1041 1717 1111 obscurum.
1774 1039 1921 1111 Plaudit
1944 1042 1983 1109 in
1999 1042 2117 1112 sinum
2131 1041 2220 1111 vici-

187 1144 248 1214 siis
265 1141 412 1227 nostris,
442 1144 541 1235 quod
563 1166 636 1211 non
660 1143 778 1212 dicant
792 1145 836 1211 de
854 1141 988 1212 ieiunio
1002 1165 1180 1211 caeremo-
1227 1165 1294 1210 nus
1317 1155 1433 1210 vester
1446 1133 1744 1239 Libusiouus¹⁵),
1772 1166 1851 1219 cum
1867 1143 1967 1213 audit
1982 1157 2015 1213 te
2032 1167 2121 1233 pene
2136 1143 2222 1213 uni·

186 1245 293 1325 niali,
326 1245 388 1313 sed
418 1257 556 1314 tantum
586 1245 630 1312 de
663 1244 911 1335 temperantia:
954 1267 1105 1336 cumque
1135 1242 1179 1311 de
1226 1266 1369 1312 versum
1399 1264 1525 1331 agmen
1557 1244 1846 1315 concionatorum
1869 1237 1977 1312 huius
2002 1245 2124 1314 aetatis
2146 1257 2220 1313 tam

184 1345 361 1437 baptismo
384 1341 531 1415 loannis
552 1345 738 1415 dissentire
761 1359 795 1417 te
820 1339 1022 1439 ostendas⁸)
1055 1367 1077 1412 a
1101 1367 1178 1412 mea
1226 1343 1391 1415 atrociter
1413 1339 1681 1436 reprehendere.
1743 1342 1825 1416 Non
1858 1345 2004 1431 docent,
2042 1338 2221 1440 inquis¹⁸),

185 1446 424 1540 qualicunque
439 1446 689 1537 explicatione,
715 1442 808 1517 nihil
822 1447 1058 1538 rescripturus
1073 1469 1180 1530 eram,
1226 1447 1271 1515 de
1289 1444 1518 1535 poenitentia.
1579 1443 1695 1518 Credo
1719 1469 1792 1516 esse
1815 1446 1972 1538 aliquos,
2004 1447 2067 1540 qui
2090 1470 2154 1515 nec
2174 1447 2220 1516 de

186 1549 256 1618 nisi
288 1549 324 1617 id
355 1549 528 1640 petiisses,
569 1572 614 1617 ne
642 1550 783 1637 viderer
813 1561 876 1618 aut
904 1549 1091 1618 iracundia
1117 1559 1180 1616 aut
1227 1547 1459 1639 poenitentia,
1493 1571 1558 1618 nec
1582 1550 1625 1617 de
1641 1548 1710 1618 fide
1724 1547 1809 1618 satis
1830 1548 2019 1637 diligenter
2036 1561 2069 1617 et
2083 1546 2221 1619 erudite

185 1674 305 1720 amore
324 1674 483 1720 mearum
507 1651 716 1740 opinionum
743 1650 862 1722 rixari.
920 1649 990 1721 Sed
1009 1647 1178 1742 quoniam
1226 1650 1364 1722 docent.
1422 1647 1513 1718 Nam
1537 1650 1640 1741 pauci
1657 1649 1856 1720 doctrinam
1874 1651 1917 1717 de
1933 1649 2001 1719 fide
2018 1648 2221 1718 etverain-

184 1776 286 1821 ame
307 1752 396 1843 petis
422 1755 706 1843 responsionem,
740 1752 896 1841 primum
919 1752 963 1819 de
978 1746 1096 1843 meo⁹)
1113 1773 1179 1816 ne·
1226 1751 1411 1835 vocatione
1438 1751 1664 1841 intelligunt,
1702 1776 1792 1845 quae
1813 1751 1939 1839 ,multo
1963 1763 2015 1819 cst
2035 1750 2221 1819 ohscurior

185 1853 286 1941 goeio
311 1853 436 1924 dicam.
494 1849 574 1921 Etsi
592 1851 713 1920 iudico
735 1875 816 1919 vera
840 1874 912 1919 esse
928 1875 1018 1943 quae
1036 1851 1177 1940 scripsi:
1225 1876 1334 1944 quam
1355 1852 1516 1922 doctrina
1539 1855 1584 1922 de
1601 1853 1746 1924 ieiunio.
1806 1852 1876 1922 Sed
1896 1852 1963 1921 scis
1980 1867 2099 1923 tamen
2116 1874 2220 1943 prae-

185 1966 305 2023 tamen
321 1967 435 2022 tecum
450 1953 697 2040 litigarenunc
707 1952 849 2043 quidem
859 1975 933 2019 non
949 1952 1044 2022 volo.
1085 1949 1178 2019 Nolo
1226 1953 1350 2042 cipuos
1370 1964 1406 2021 et
1422 1953 1593 2041 plurimos
1612 1953 1650 2021 in
1666 1953 1803 2042 scriptis
1826 1966 1859 2021 ct
1873 1954 2104 2021 concionibus
2120 1976 2218 2022 com-

186 2056 283 2124 enim
299 2076 425 2143 augere
439 2053 598 2145 publicas
613 2053 821 2122 discordias:
856 2066 891 2122 et
904 2052 974 2144 piis
987 2052 1179 2122 lectoribus
1227 2054 1334 2143 plecti
1357 2051 1529 2141 integram
1552 2055 1768 2123 doctrinam:
1817 2077 1882 2121 nec
1906 2055 1949 2121 dc
1971 2054 2038 2121 fide
2068 2067 2220 2136 tantum,

185 2156 351 2247 permitto
374 2155 565 2237 iudicium,
598 2155 801 2246 ubicunque
817 2167 910 2225 sunt.
963 2151 1178 2245 Quanquam
1226 2155 1287 2222 sed
1314 2154 1419 2225 etiam
1451 2156 1495 2222 de
1528 2154 1693 2223 omnibus
1718 2154 1922 2222 necessariis
1947 2154 2138 2223 virtutibus
2163 2153 2220 2223 di-

187 2256 283 2326 enim
315 2257 401 2327 citas
430 2256 659 2325 Ambrosium
691 2269 725 2325 et
757 2253 1014 2345 Augustinum:
1060 2268 1179 2323 tamen
1227 2278 1319 2323 cere:
1347 2277 1436 2346 quos
1451 2256 1481 2323 si
1497 2269 1667 2324 tuumnes
1682 2256 1838 2339 damnas,
1864 2267 1898 2323 et
1912 2255 2218 2324 vocasdeteriores

185 2371 319 2426 certum
341 2372 410 2441 est,
450 2357 748 2447 praedicationem
780 2355 1017 2446 poenitentiae
1042 2355 1081 2422 in
1108 2349 1179 2423 Ec·
1227 2356 1406 2424 idolorum
1430 2356 1644 2436 cultoribus,
1679 2356 1761 2448 quia
1781 2379 1855 2425 non
1877 2357 2001 2426 dicunt
2022 2358 2067 2426 de
2083 2356 2218 2428 ieiunio

186 2458 290 2527 clesia
304 2456 373 2528 Dei
395 2482 470 2530 non
486 2472 624 2528 tantum
647 2481 792 2548 arguere
807 2472 967 2549 peccata,
992 2458 1053 2526 sed
1071 2455 1178 2524 simul
1227 2454 1494 2543 caeremoniali,
1527 2457 1634 2524 nimis
1651 2457 1789 2525 duriter
1804 2458 2035 2548 pronuncias:
2070 2470 2109 2526 ut
2125 2451 2219 2525 nihil

185 2561 404 2630 annunciare
451 2560 695 2629 remissionem
740 2573 973 2650 peccatorum:
1042 2556 1178 2626 Verum
1226 2558 1324 2628 aliud
1349 2557 1473 2630 dicam.
1506 2556 1621 2638 tltud
1634 2558 1673 2626 in
1696 2557 1902 2650 quaestione
1919 2572 1987 2643 est,
2013 2581 2060 2627 an
2084 2581 2147 2649 per
2161 2557 2219 2626 bi-

184 2661 270 2731 nolo
315 2663 493 2754 copiosius
531 2661 698 2754 persequi
735 2684 851 2729 meam
891 2657 1178 2752 disputationem.
1225 2662 1339 2729 duum
1363 2671 1425 2728 aut
1452 2659 1632 2744 triduum,
1664 2672 1705 2728 ut
1728 2659 1834 2744 dicis,
1865 2682 2005 2728 necesse
2030 2660 2075 2728 sit
2096 2682 2116 2728 a
2139 2659 2218 2728 cibo

91 2768 98 2775 '
184 2761 267 2833 Non
289 2786 367 2833 snm
393 2765 480 2833 adeo
503 2785 665 2832 morosus
686 2777 748 2834 aut
766 2757 964 2858 φιλαυτὸς,
995 2760 1176 2829 neminem
1226 2761 1414 2834 abstinere.
1466 2760 1519 2831 Ne
1548 2776 1583 2831 te
1614 2762 1756 2854 quidem
1788 2755 1857 2830 hoc
1887 2775 1973 2853 puto
1997 2763 2121 2830 facere.
2169 2755 2220 2831 Ut

183 2878 272 2934 uta
309 2890 366 2935 me
389 2865 576 2935 dissentire
597 2864 716 2935 velim.
775 2861 852 2953 Ego
876 2888 965 2958 quae
988 2862 1112 2951 collegi
1132 2862 1178 2930 de
1227 2864 1385 2934 secedere
1408 2885 1448 2932 ex
1473 2865 1578 2933 turba
1600 2864 1768 2955 precandi
1789 2886 1892 2932 causa
1917 2863 2097 2932 interdum
2122 2882 2220 2930 com·

186 2960 305 3059 tota¹⁰)
328 2967 508 3052 doctrina,
531 2981 713 3037 tunccum
728 2989 875 3055 magnae
897 2966 1179 3036 etmultaecon-
1225 2965 1372 3035 modum
1391 2976 1456 3034 est:
1491 2964 1541 3033 sic
1565 2965 1684 3035 iudico
1701 2966 1763 3034 illa
1778 2963 1930 3048 ieiunia,
1961 2965 2018 3031 vel
2040 2964 2138 3031 illam
2162 2962 2219 3029 in-

186 3067 376 3137 troversiae
397 3082 513 3137 motae
539 3081 670 3151 essent,
702 3067 738 3136 et
761 3069 872 3137 multa
891 3066 1054 3155 ambigue
1071 3079 1106 3135 et
1119 3065 1179 3132 ni·
1226 3068 1340 3136 ediam
1351 3066 1577 3135 alicuiusdiei
1587 3065 1715 3157 suscipi
1728 3088 1842 3156 posse,
1867 3077 1909 3132 ut
1923 3066 1966 3133 ad
1980 3063 2219 3155 precationem

186 3167 255 3234 mis
287 3169 431 3235 conluse
463 3169 682 3250 dicerentur,
723 3168 876 3259 simplici
907 3183 941 3238 et
970 3170 1030 3259 pio
1061 3166 1177 3236 studio
1226 3169 1284 3237 vel
1302 3167 1551 3255 cogitationem
1567 3166 1677 3255 magis
1693 3166 1814 3234 idonei
1830 3166 1956 3247 simus;
1989 3167 2139 3234 sednon
2154 3188 2219 3233 ne·

186 3266 331 3356 collegi,
356 3292 396 3336 ac
412 3267 583 3337 iudicium
601 3265 777 3338 Ecclesiae
793 3269 971 3359 permitto.
1021 3266 1076 3335 Te
1094 3290 1178 3335 vero
1227 3268 1410 3338 cessariam
1430 3291 1504 3335 rem
1527 3291 1612 3340 esse.
1671 3264 1858 3337 Caeterum
1873 3267 2104 3357 temperantia
2119 3265 2219 3336 omni

187 3367 291 3437 etiam
306 3363 476 3438 hactenus
491 3369 619 3452 dilexi,
643 3381 677 3438 et
692 3362 807 3438 adhuc
824 3370 953 3457 diligo,
998 3366 1180 3437 Namom-
1226 3382 1385 3461 tempore
1406 3370 1599 3438 necessaria
1622 3381 1683 3441 est.
1741 3361 1818 3437 Aut
1834 3368 1943 3456 igitur
1956 3367 2145 3458 explicato,
2171 3391 2218 3437 an
2269 3426 2273 3437 .

185 3492 249 3537 nes
280 3468 319 3536 in
343 3463 411 3538 hoc
434 3470 585 3538 docendi
607 3493 755 3538 munere
786 3470 1011 3554 coniunctos,
1046 3468 1107 3561 qui
1135 3468 1179 3536 de
1227 3471 1322 3541 dieas
1333 3466 1372 3564 ¹⁷)
1382 3469 1478 3539 illam
1489 3471 1657 3553 inediam,
1678 3465 1818 3552 hocest,
1844 3468 2217 3538 inuniversumacibo

185 3592 322 3639 summa
338 3570 520 3638 doctrinae
535 3571 772 3654 consentiunt,
798 3571 929 3639 amicos
946 3571 1040 3639 inter
1056 3592 1092 3639 se
1107 3591 1179 3638 esse
1227 3587 1261 3644 et
1274 3585 1361 3662 potu
1369 3571 1558 3656 abstinere,
1574 3595 1648 3640 rem
1662 3569 1892 3639 necessariam
1908 3594 2000 3640 esse:
2029 3585 2091 3642 aut
2107 3569 2218 3662 placi-

184 3683 349 3763 oportere
373 3683 507 3755 statuo,
550 3670 688 3739 etiamsi
709 3671 749 3738 in
770 3672 1006 3762 explicatione
1030 3670 1180 3741 alicuius
1228 3673 1356 3744 diustu
1370 3672 1556 3743 nobiscum
1573 3671 1677 3763 agito.
1710 3669 2216 3742 Poterasomninototamrem
2249 3707 2252 3712 ·
2286 3758 2288 3764 Ι

185 3774 237 3842 rei
262 3767 382 3867 non¹¹)
407 3772 513 3863 plane
531 3774 652 3842 eadem
676 3772 817 3843 dicunt:
851 3797 933 3841 nam
945 3769 986 3866 12)
1003 3772 1093 3842 alius
1109 3772 1179 3842 alio
1227 3799 1328 3866 agere
1345 3774 1464 3843 verbis
1478 3774 1693 3843 mitioribus.
1748 3770 1847 3843 Citas
1869 3796 1911 3841 ex
1924 3769 2124 3863 Augustino
2140 3773 2218 3843 lau·

183 3875 362 3945 dexterius
384 3886 445 3944 aut
467 3873 727 3943 incommodius
737 3868 778 3964 ¹³)
807 3874 944 3967 aliquid
977 3875 1074 3947 dicit.
1131 3870 1180 3943 Et
1228 3878 1289 3947 des
1302 3876 1440 3960 ieiunii,
1466 3876 1502 3943 in
1512 3869 2049 3969 quibusvidesesschyperbolas
2059 3875 2218 3965 pruden-

185 3977 279 4046 bona
301 3977 389 4060 fide,
422 3989 457 4043 et
472 3976 625 4068 quadam
641 3969 907 4068 philosophicae
925 3975 1180 4059 moderatione,
1227 3992 1282 4049 ter
1296 3977 1555 4066 intelligendas.
1594 3969 2025 4065 NectamenAugustinus
2042 3977 2086 4043 de
2103 3968 2217 4069 tua¹⁸)

186 4077 357 4147 amicitias
388 4070 635 4171 multorum¹⁴)
656 4076 770 4159 colui,
803 4092 837 4148 et
861 4078 958 4161 colo,
992 4101 1037 4145 ne
1069 4101 1090 4147 a
1123 4099 1180 4145 me
1228 4082 1289 4150 illa
1303 4078 1422 4148 inedia
1437 4078 1614 4171 loquitur,
1648 4078 1707 4146 sed
1723 4078 1921 4148 tantumde
1938 4075 2181 4164 temperantia.

186 4173 424 4248 Ecclesiarum
442 4191 642 4247 nostrarum
659 4178 848 4247 concordia
866 4181 1042 4250 turbetur.
1327 4178 1424 4250 Haec
1452 4180 1576 4271 scripsi
1602 4179 1697 4249 bono
1718 4191 1753 4248 et
1771 4178 1923 4267 simplici
1951 4178 2086 4247 studio:
2115 4190 2218 4268 teque

1228 4306 1310 4368 oro,
1349 4295 1389 4351 ut
1402 4281 1433 4350 si
1446 4277 1511 4351 has
1526 4278 1711 4364 Ecclesias,
1736 4279 1918 4371 inquibus
1934 4291 2037 4348 sonat
2056 4277 2218 4348 doctrina

1228 4408 1334 4477 quam
1354 4383 1579 4475 profitemur,
1604 4404 1709 4465 amas,
1734 4392 1767 4448 te
1785 4377 1890 4446 nobis
1902 4379 2020 4468 potius
2035 4381 2220 4469 adiungas,

221 4470 248 4538 ⁵)
267 4468 354 4525 M³¹¹¹·
374 4470 441 4524 Μ
1227 4509 1334 4579 quam
1365 4485 1535 4554 inimicis:
1577 4496 1611 4554 et
1639 4481 1790 4575 quadam
1828 4478 1940 4549 animi
1974 4482 2219 4552 moderatione

219 4554 254 4710 ii
271 4551 974 4694 {iicdoiizad'diiieitdiaiG⁰¹h⁸l9¹'⁰m⁰nm'
1226 4610 1452 4657 communem
1460 4583 1500 4681 ¹⁹)
1529 4580 1754 4654 concordiam
1785 4581 1926 4653 tuearis.
1991 4582 2084 4654 Satis
2123 4582 2218 4652 mul-

221 4727 249 4787 8)
267 4727 421 4778 desentire
438 4724 574 4790 ostendo,
594 4723 678 4777 reue.
1226 4702 1280 4759 tos
1316 4684 1435 4758 hostes
1467 4683 1637 4755 habemus
1666 4682 1769 4752 foris:
1811 4707 1875 4752 nec
1914 4707 2021 4774 parva
2065 4706 2121 4754 res
2156 4695 2218 4767 est,

218 4814 251 4882 9)
269 4830 333 4894 mqo
346 4809 511 4864 tabacum
521 4807 760 4876 sodomam,
775 4809 821 4863 sed
830 4808 914 4864 Pena.
922 4819 947 4864 a
955 4809 1016 4865 cod.
1026 4808 1108 4864 Goth.
1119 4810 1177 4866 191.
1225 4790 1434 4860 confirmare
1463 4800 1597 4856 mentes
1621 4783 1713 4855 veris
1729 4786 1913 4855 sententiis
1938 4786 2106 4856 adversus
2126 4785 2219 4854 illos.

261 4889 403 4934 omittunt.

221 4970 265 5035 10)
283 4975 359 5032 1⁰²⁰:
373 4963 445 5035 ‘1¹¹0d
454 4961 538 5021 Peuc.
552 4960 660 5025 omisit,
685 4971 798 5016 tuentur
812 4960 892 5014 etiam
909 4961 1008 5028 codd:
1032 4962 1095 5018 cod.
1111 4961 1176 5015 Mo·
1234 4923 1409 4960 “.““”“’““““

255 5054 316 5091 ΜΟ.
336 5051 412 5087 vem·
827 5069 832 5076 “
1259 5033 1303 5102 15)
1321 5031 1389 5087 Cod.
1407 5032 1518 5084 Monac.
1530 5030 1684 5082 cramteno.

221 5123 266 5190 11)
281 5122 368 5188 plone
383 5120 481 5171 eodem
497 5123 549 5167 etc.
563 5111 633 5182 apud
648 5113 737 5168 Mani.
750 5113 911 5170 exciderant.
1260 5119 1305 5182 16)
1325 5113 1621 5171 δίοειῑκιηεοά.(ὶοιῑι.
1631 5114 1689 5167 191.
1707 5110 1925 5163 serueueram
1939 5112 2217 5164 docenturltomiues.

221 5209 265 5272 12)
284 5223 362 5273 „non
372 5197 558 5270 praecipuast
570 5199 642 5253 deest
654 5200 717 5257 cod.
730 5200 841 5254 Monac.
1263 5199 1309 5264 17)
1327 5200 1407 5251 dicos
1421 5198 1505 5251 Peuc.
1520 5209 1545 5250 et
1560 5196 1622 5252 eod.
1632 5192 1713 5248 Goth.
1727 5194 1804 5263 191.,
1822 5197 1908 5246 docos
1924 5191 2020 5256 Mani„
2037 5195 2140 5244 doceas
2156 5193 2216 5248 cod.

220 5293 268 5360 18)
285 5292 332 5344 Sic
346 5289 425 5342 etiam
439 5284 672 5350 eod.G01h.212.;
686 5284 790 5359 Pauo,
805 5284 929 5340 Penta
942 5285 1004 5341 cod.
1018 5286 1102 5343 Goth.
1118 5288 1175 5345 191.
1296 5267 1381 5322 Goth.
1395 5267 1455 5319 Μ·

253 5358 439 5414 mmmm·
1263 5351 1308 5420 18)
1328 5358 1392 5417 tuo]
1407 5349 1469 5405 cod.
1481 5348 1559 5402 Mon.
1574 5367 1640 5402 uno.

221 5441 267 5512 lt)
283 5444 439 5496 multorum
451 5436 525 5489 abest
538 5454 552 5491 e
566 5435 683 5493 Peuc.et
698 5435 776 5502 Per..
795 5438 842 5492 sed
855 5437 969 5494 hahetur
982 5438 1010 5492 in
1025 5439 1108 5496 codd.
1263 5437 1308 5503 19)
1326 5432 1521 5502 communem,
1537 5431 1609 5504 quod
1625 5431 1710 5486 Peuc.
1724 5429 1833 5498 omisit,
1850 5437 1962 5482 tuentur
1974 5427 2056 5480 etiam
2069 5427 2151 5482 codd.
