4748 6022
254 179 327 257 411

255 359 318 430 nio
339 352 540 446 praeditum
557 370 640 420 esse.
690 345 795 416 Nunc
810 360 844 416 et
864 347 932 417 tibi
953 361 988 418 et
1009 348 1076 441 ipsi
1099 351 1251 421 coniun-

254 460 408 531 ctionem
425 465 576 523 vestram
593 447 762 538 gratulor.
1063 522 1067 529 ,

355 555 471 627 Venio
507 555 552 621 ad
591 563 840 642 argumentum
880 565 1021 622 tuarum
1054 553 1249 624 literarum.

253 663 467 752 Quanquam
496 654 601 726 etiam
628 677 705 723 mea
729 676 831 723 causa
860 651 1011 725 Senatus
1035 654 1248 727 liberalitate

253 763 429 842 delector,
466 780 592 850 meque
616 756 717 825 vobis
736 757 865 825 debere
888 757 1036 846 gratiam
1069 760 1247 849 profiteor,

252 881 370 936 tamen
393 860 503 948 magis
518 871 664 950 propter
678 855 951 950 Rempublicam
973 861 1130 946 gaudeo,
1160 862 1249 929 civi-

251 980 377 1049 tatem,
405 984 494 1054 quae
507 984 578 1030 uua
596 959 690 1029 inter
707 957 939 1029 Germanicas
954 961 1084 1030 virtute
1099 964 1248 1047 excellit,

252 1067 428 1157 suscipere
446 1087 566 1133 curam
582 1062 707 1131 tuendi
721 1060 859 1141 literas,
889 1065 983 1132 etad
1001 1062 1246 1134 posteritatem

251 1165 536 1244 transmittendi,
562 1188 643 1233 cum
658 1161 866 1254 Principum
887 1163 1039 1257 Imperia
1058 1161 1247 1236 horrendis

251 1297 292 1343 ac
306 1268 446 1356 tragicis
462 1265 629 1356 exemplis
645 1279 765 1337 ruunt.
817 1263 919 1353 Quae
933 1280 1065 1359 quanto
1085 1292 1165 1338 cum
1181 1271 1247 1337 do-

251 1375 326 1443 lore
340 1368 541 1463 adspiciam,
567 1390 642 1436 nou
659 1390 800 1457 possum
816 1369 890 1436 ulla
907 1370 1045 1465 ratione
1061 1394 1245 1462 exponere.

249 1471 365 1545 Doleo
381 1468 559 1540 Ecclesiae
574 1490 697 1554 causa,
731 1483 861 1539 etcum
879 1473 922 1539 de
936 1472 1113 1541 veteribus
1129 1497 1170 1540 ac
1189 1498 1246 1542 re-

239 1575 410 1646 centibus
427 1570 530 1640 malis
546 1570 680 1660 cogito,
715 1572 822 1640 simul
840 1587 873 1642 et
889 1586 1009 1642 nostra
1028 1588 1167 1664 peccata
1184 1576 1245 1643 de-

250 1679 352 1769 ploro
379 1688 415 1745 et
436 1675 569 1742 irascor
591 1673 713 1741 sceleri
735 1667 922 1758 hostium,
941 1677 1003 1767 qui
1020 1676 1130 1744 furias
1148 1677 1246 1746 velut

250 1804 291 1849 ex
315 1776 437 1847 inferis
463 1773 620 1845 evocatas
646 1775 871 1844 immiserunt
891 1777 982 1845 aulis
1005 1773 1133 1846 harum
1159 1795 1249 1867 geu-¹

249 1882 352 1952 tium.
393 1877 464 1947 Sed
480 1889 598 1944 tamen
613 1876 706 1944 inter
722 1872 807 1944 haec
823 1879 915 1946 mala
934 1893 1154 1947 servaturum
1172 1904 1245 1949 esse

248 1978 365 2052 Deum
380 1974 558 2046 Ecclesiae
579 2001 660 2046 suae
675 1978 842 2070 reliquias
856 2004 930 2048 non
947 1981 1091 2065 dubito,
1118 2006 1245 2074 meque

65 2104 69 2111 ’
148 2077 150 2083 ’
249 2078 315 2152 hac
331 2103 415 2149 voce
431 2078 515 2148 Filii
533 2078 600 2148 Dei
627 2093 801 2164 sustento,
832 2081 894 2173 qui
917 2081 1052 2174 inquit:
1086 2078 1133 2152 τὰ
1153 2077 1245 2178 πρό-

247 2182 350 2279 βατα
362 2175 409 2251 τὰ
421 2174 424 2183 ’
436 2176 505 2273 ἐμὰ
520 2185 585 2272 τῆς
599 2185 728 2273 φωνῆς
743 2206 818 2272 μου
837 2174 981 2266 ἀκούει,
1007 2179 1114 2281 ardys)
1129 2179 1243 2282 γινώ-

250 2307 327 2358 σκω
343 2278 441 2355 αὐτὰ
450 2335 462 2367 ,
495 2277 559 2353 καὶ
577 2279 647 2372 οὐχ
670 2277 825 2375 ἁρπάζει
841 2309 896 2363 τις
911 2281 1006 2356 αὐτοὶ
1026 2286 1066 2356 ἐκ
1088 2290 1152 2377 τῆς
1166 2312 1243 2377 χει-

248 2383 312 2484 ρός
331 2409 417 2479 μου.
468 2382 569 2452 Hanc
595 2407 715 2451 vocem
737 2384 806 2454 tibi
831 2410 971 2478 quoque
994 2388 1184 2478 proponito
1209 2402 1243 2458 et

248 2511 314 2559 uos
330 2487 423 2555 votis
438 2485 508 2554 tuis
525 2484 703 2554 adiuveto.
755 2482 1013 2580 Precemurque
1035 2512 1177 2573 omues,
1202 2503 1244 2560 ut

246 2589 343 2662 Deus
359 2585 510 2678 posteris
525 2582 719 2654 Ecclesiam
735 2601 868 2672 servet,
900 2612 963 2658 nec
979 2590 1071 2659 sinat
1085 2591 1243 2679 extingui

247 2691 363 2761 lucem
371 2685 569 2777 tEvangelii
587 2686 625 2753 iu
647 2711 771 2777 genere
794 2683 963 2763 humano.
1016 2688 1109 2780 Ages
1125 2707 1243 2762 autem

248 2793 376 2884 gratias
392 2792 481 2859 meis
497 2789 614 2858 verbis
631 2789 778 2859 Senatui
793 2785 1016 2878 reverenter,
1049 2819 1120 2885 quo
1136 2818 1240 2884 argu-

246 2906 368 2963 mento
387 2905 422 2960 et
437 2892 555 2961 literas
570 2891 614 2959 ad
631 2889 801 2961 Senatum
817 2894 918 2979 misi,
943 2919 1093 2987 quarum
1109 2892 1241 2966 Exem-

245 2996 346 3088 plum
370 3017 493 3063 rursus
514 2992 628 3064 mitto.
681 2991 769 3062 Tibi
792 3020 933 3088 quoque
956 2997 1084 3086 gratias
1105 3020 1168 3086 ago
1183 3023 1241 3066 re-

246 3095 410 3188 spicienti
426 3119 490 3165 nos
510 3093 550 3161 iu
568 3089 634 3163 hac
650 3095 811 3178 fortuna,
837 3112 871 3167 et
888 3124 1005 3168 coram
1019 3123 1139 3168 mcum
1154 3125 1241 3169 con-

246 3200 367 3268 silium
381 3220 565 3288 exponam.
618 3193 763 3267 Utinam
783 3197 913 3269 alicubi
934 3201 972 3268 in
991 3197 1064 3298 =hoc
1083 3216 1237 3272 extremo

245 3313 324 3369 actu
340 3300 432 3367 vitae
455 3322 553 3367 meae
575 3298 711 3368 utiliter
733 3301 862 3390 possim
884 3299 1061 3371 Ecclesiae
1076 3301 1144 3372 Dei
1166 3329 1234 3373 ser-

246 3401 322 3468 vire
338 3400 377 3466 in
394 3398 593 3488 Republica
610 3395 773 3482 honesta,
807 3404 871 3472 ubi
891 3406 1015 3495 procul
1040 3406 1152 3473 absim
1160 3402 1238 3500 'Cy-

244 3501 407 3593 pselidis,
433 3496 499 3578 os‘ic
520 3495 702 3590 ἐπιθυμία
715 3497 857 3594 ἡνιοχεῖ
868 3508 1029 3602 μαργοῖς
1039 3502 1236 3598 gallaecos.

244 3601 342 3672 Bene
364 3615 399 3672 et
419 3601 569 3670 feliciter
584 3602 673 3669 vale.
716 3601 756 3673 ἐν
776 3609 822 3696 τῇ
835 3601 972 3700 ὑστέρᾳ
984 3602 1011 3700 ¹)
1034 3609 1239 3699 nuptiarum

245 3704 340 3774 filiae
354 3717 434 3773 tuae
448 3702 488 3795 ¹).
547 3758 552 3766 .

717 3776 723 3788 ¹
754 3799 945 3899 Philippus
960 3806 1186 3883 Melanthou.

539 4012 1233 4032 ...ψῃ-Ἢ...-

631 4047 640 4056 -

241 4143 309 4216 No.
324 4139 437 4215 3756.

249 4238 460 4276 Μ

523 4388 532 4405 ,
650 4306 821 4415 Eidem.

309 4467 330 4527 t
347 4463 385 4518 Ex
397 4471 556 4541 apographis
569 4470 598 4525 iu
612 4471 768 4542 cod.1.sng.
787 4489 812 4542 p.
824 4473 882 4543 18„
900 4475 963 4529 cod.
977 4476 1128 4533 (10111191.
1147 4497 1175 4548 ρ.
1184 4478 1235 4549 16.,

343 4535 406 4588 cod.
423 4538 583 4594 60111401.
601 4560 627 4611 p.
645 4541 711 4596 1³1³.
727 4553 754 4594 et
769 4542 831 4594 cod.
846 4542 941 4596 Dresd.
956 4545 1046 4602 Zeltn.
1067 4547 1136 4614 pat
1150 4566 1191 4616 sq.
1201 4575 1235 4587 —

345 4602 483 4666 Convemt
496 4609 607 4680 quidem
625 4612 652 4663 in
666 4610 759 4664 multis
772 4609 837 4665 baec
851 4611 962 4682 epistola
976 4633 1038 4667 cum
1050 4616 1234 4678 antecedente,

342 4670 389 4724 sed
405 4681 494 4727 tamen
518 4680 633 4732 estatis.
669 4679 793 4750 Opinor,
812 4680 1015 4735 Melanthonem
1037 4683 1113 4736 binas
1134 4683 1235 4737 litteras

344 4740 440 4794 eodem
460 4742 503 4795 die
523 4746 663 4826 scripsisse
684 4761 710 4802 et
729 4767 777 4818 per
796 4749 919 4805 diversos
941 4750 1096 4804 tabellarios
1119 4749 1232 4820 misisse,

343 4810 416 4881 quod
439 4811 601 4867 turbulentis
619 4816 683 4869 belli
703 4819 870 4888 temporibus
892 4821 997 4889 saepius
1017 4818 1088 4874 lecit.
1123 4819 1166 4873 De
1179 4839 1234 4874 ssu·

342 4879 405 4948 ptiis
424 4878 494 4933 filiae
512 4881 597 4935 Bsum
617 4886 735 4954 srtneri,
766 4905 859 4940 meuse
880 4889 981 4942 Martio
1000 4888 1155 4957 celebratis,
1179 4890 1232 4945 vid.

342 4966 423 5020 snpra
438 4966 481 5020 ep·
495 4949 521 5005 d.
536 4947 581 5005 29.
596 4901 676 5006 Pebr.
690 4963 717 5006 et
731 4973 773 5024 ep.
789 4957 822 5008 sd
836 4955 928 5012 lousrn
945 4957 972 5012 d.
987 4955 1013 5015 3.
1029 4957 1109 5012 Mart.

242 5071 467 5089 Μ·

1099 4250 1236 4280 Μ’

274 5145 301 5208 1)
318 5144 419 5218 Spauls.
436 5148 584 5204 mendoses
605 5147 704 5224 ἡμέρᾳ.

228 5306 232 5311 .
273 5227 534 5304 nuncupastis
547 5253 661 5293 msnus:
681 5241 709 5293 d.
725 5239 748 5293 1.
763 5241 846 5298 Febr.
865 5241 942 5299 1547.
983 5276 987 5283 ⁷

869 173 1304 255 arrsroaanuu
1364 179 1705 261 1111111511.
1795 155 1802 167 ’

1099 4165 1128 4222 2.
1147 4155 1235 4219 Illart.
1320 4181 1332 4207 ³

2215 197 2296 272 412

1301 339 1526 424 Clarissimo
1544 354 1638 438 viro,
1670 353 1869 452 prudentia
1886 372 1917 430 et
1937 359 2066 432 virtute
2088 369 2304 459 praestanti

1299 449 1414 529 Dom.
1441 454 1732 553 Hieronymo
1763 457 2145 556 Bomgasrtssero,
2175 465 2300 540 Sena.

1334 556 1411 626 tori
1422 555 1735 656 Norinbergesssi,
1770 562 1891 635 amico
1905 590 1975 635 suo
1989 561 2212 641 charissimo
2228 571 2268 670 ¹).

1298 700 1345 792 S.
1370 718 1415 790 D.
1465 720 1562 795 Haec
1587 750 1665 796 curn
1688 729 1877 798 scriberem
1902 729 1941 798 in
1963 731 2021 800 die
2041 736 2132 802 sacri
2152 739 2302 830 nuptia·

1298 823 1343 891 lis
1359 819 1389 918 2)
1410 825 1501 893 liliae
1520 840 1618 912 tuae,
1651 831 1840 900 miscebam
1856 834 2001 901 caeteris
2016 830 2045 928 ³)
2071 838 2164 907 curis
2185 855 2220 910 et
2236 868 2299 912 co-

1298 927 1531 1014 gitationibus
1547 944 1627 998 vota
1644 955 1709 1022 pro
1725 933 1818 1001 filiae
1837 946 1871 1002 et
1887 936 2006 1023 generi
2022 934 2051 1030 ⁴)
2069 953 2103 1007 et
2119 943 2227 1010 totius
2241 947 2297 1015 fa-

1298 1028 1418 1096 miliae
1437 1042 1571 1100 vestrae
1590 1033 1717 1117 salute,
1749 1048 1894 1127 totoque
1911 1051 2052 1127 pectore
2067 1037 2202 1129 Deum,
2227 1070 2297 1116 ae-

1298 1143 1438 1200 ternum
1465 1146 1598 1225 patrem
1618 1131 1902 1223 Domini-nostri
1924 1137 2003 1207 lesu
2020 1137 2173 1229 Christi,
2207 1173 2297 1217 con-

1298 1232 1448 1300 ditorem
1467 1237 1604 1320 generis
1621 1230 1772 1324 humaui
1788 1252 1821 1306 et
1843 1234 2028 1309 authorem
2046 1246 2202 1316 mirandi
2219 1250 2297 1320 foe-

1298 1335 1393 1403 deris
1409 1337 1618 1425 coniugum,
1652 1328 1732 1424 oro,
1765 1353 1805 1409 ut
1828 1342 2004 1428 faustum,
2036 1345 2160 1433 foelix,
2191 1365 2295 1429 tran-

1297 1435 1449 1528 quillum
1474 1450 1509 1507 et
1530 1439 1753 1515 foecundum
1763 1442 1967 1531 coniugium
1993 1447 2052 1515 det
2072 1448 2143 1518 filio
2169 1465 2232 1522 tuo
2256 1469 2295 1525 et

1297 1560 1444 1626 genero,
1479 1566 1583 1631 quem
1606 1566 1743 1635 semper
1761 1543 1917 1613 iudicavi
1935 1547 2030 1616 bono
2051 1563 2085 1618 et
2102 1551 2242 1641 placido
2259 1553 2291 1650 ¹)

1296 1639 1440 1729 ingenio
1452 1644 1652 1731 praeditum
1669 1668 1754 1717 esse.
1803 1645 1908 1715 Nunc
1925 1661 1959 1717 et
1974 1649 2040 1719 tibi
2055 1665 2089 1720 et
2110 1653 2178 1743 ipsi
2200 1681 2289 1726 cou-

1296 1742 1513 1812 iunctionem
1531 1759 1682 1815 vestram
1701 1749 1870 1836 gratulor.

1395 1842 1507 1935 Spero
1531 1849 1659 1916 advos
1682 1850 1837 1941 priorem
1863 1851 2084 1921 tabellarium
2108 1881 2292 1928 reversum

1296 1968 1387 2028 esse,
1413 1947 1469 2015 cui
1486 1947 1606 2017 literas
1622 1954 1666 2018 ad
1683 1951 1851 2021 Senatum
1863 1946 1893 2047 ¹)
1911 1955 2015 2022 etiam
2029 1951 2056 2049 ⁷)
2073 1959 2173 2043 dedi,
2198 1985 2290 2052 qua·
2342 2046 2344 2053 Ι

1295 2072 1375 2116 rum
1396 2051 1595 2140 exemplum
1617 2075 1739 2122 rursus
1761 2055 1875 2124 mitto.
1926 2053 1975 2126 Et
1991 2081 2193 2152 quanquam
2209 2087 2291 2134 mea

1295 2172 1397 2218 cansa
1414 2151 1518 2219 etiam
1534 2151 1685 2223 Senatus
1700 2155 1912 2226 liberalitate
1934 2159 2105 2244 delector,
2131 2187 2170 2231 ac
2185 2166 2292 2234 vobis

1295 2252 1422 2319 debere
1435 2277 1492 2320 me
1509 2255 1655 2342 gratiam
1676 2259 1860 2346 profiteor:
1883 2273 2002 2329 tamen
2018 2264 2128 2352 magis
2145 2279 2291 2357 propter

1295 2354 1551 2444 rempublicam
1574 2359 1730 2445 gaudeo,
1762 2361 1936 2432 civitatem
1954 2374 2026 2431 tam
2042 2358 2227 2436 honestam
2251 2368 2290 2436 in

1293 2447 1349 2521 his
1371 2455 1487 2524 ruinis
1508 2457 1780 2530 Academiarum
1811 2463 1986 2554 suscipere
2013 2489 2133 2535 curam
2158 2494 2291 2561 propa-

1293 2557 1401 2644 gandi
1420 2558 1539 2628 literas
1562 2562 1606 2628 ad
1629 2565 1880 2651 posteritatem.
1933 2565 2054 2659 ltaque
2068 2571 2154 2637 meis
2168 2572 2289 2640 verbis

1292 2673 1495 2729 reverenter
1513 2659 1663 2732 Senatui
1690 2667 1819 2755 gratias
1836 2685 1917 2756 agas
1933 2663 1974 2762 ¹).
2024 2667 2102 2738 Nisi
2122 2695 2176 2739 me
2196 2672 2286 2740 belli

1292 2761 1441 2831 saevicia
1456 2757 1486 2856 9)
1511 2765 1610 2853 prius
1622 2762 1664 2860 ¹⁰)
1689 2770 1885 2859 opprimet,
1919 2794 2035 2839 coram
2050 2773 2151 2841 vobis
2175 2798 2287 2864 expo-

1293 2884 1376 2930 nam
1394 2888 1512 2934 meum
1534 2868 1734 2938 consilium.
1785 2868 1838 2940 Ac
1860 2872 2083 2942 decreveram
2101 2899 2197 2944 nunc
2219 2876 2288 2945 iter

1293 2962 1447 3051 ingredi;
1490 2971 1549 3037 sed
1576 2994 1656 3038 cum
1679 2966 1821 3040 Sabini
1841 2974 1949 3044 filiola
1972 2976 2169 3046 conflictari
2194 2977 2288 3047 febri
2346 2990 2352 2999 '

1292 3068 1459 3156 coeperit,
1484 3071 1664 3141 discedere
1679 3076 1723 3143 ab
1739 3098 1778 3170 ea
1793 3076 1973 3162 nonlicet,
2000 3103 2126 3171 meque
2143 3082 2214 3149 sato
2230 3103 2289 3148 re-

1291 3167 1397 3236 tineri
1415 3171 1550 3252 iudico,
1573 3197 1638 3243 uec
1652 3199 1776 3246 recuso
1792 3171 2071 3273 ἐνταφήσεσθαι
2081 3178 2118 3274 ¹¹)
2133 3185 2178 3274 τῇ
2193 3177 2285 3252 ἅκα-

1290 3262 1426 3364 ὃημίᾳ,
1464 3273 1494 3341 si
1518 3274 1565 3343 ita
1585 3273 1662 3346 Deo
1686 3279 1803 3347 visum
1821 3293 1892 3365 est,
1925 3284 1991 3352 etsi
2014 3307 2136 3373 spero,
2169 3281 2287 3353 Deum

1290 3373 1537 3444 exauditurum
1553 3399 1626 3445 esse
1640 3381 1790 3467 gemitus
1804 3381 1965 3471 piorum,
1992 3398 2026 3452 ct
2041 3386 2202 3471 ingentes
2217 3384 2288 3452 mi-

1289 3474 1397 3542 serias
1419 3470 1545 3547 harum
1570 3481 1729 3568 gentium
1756 3482 1999 3571 mitigaturum
2028 3507 2109 3554 esse.
2171 3484 2289 3555 Plane

1288 3575 1418 3646 similia
1434 3593 1517 3648 suut
1527 3593 1683 3650 veterum
1696 3581 1974 3669 Tragoediarum
1991 3576 2073 3650 haec
2087 3583 2177 3650 mala
2188 3585 2291 3655 inter

1288 3692 1471 3767 cognatos,
1506 3681 1663 3770 ipsarum
1685 3681 1858 3750 furiarum
1883 3682 2042 3751 consiliis
2064 3684 2211 3753 excitata
2230 3684 2289 3781 ¹²),

1287 3804 1439 3871 quorum
1456 3781 1667 3870 cogitatione
1684 3805 1785 3872 saepe
1801 3776 2027 3869 cohorresco,
2060 3789 2120 3853 sed
2144 3811 2200 3855 me
2217 3782 2286 3858 hac

1287 3905 1371 3965 voca
1399 3881 1463 3949 filii
1486 3878 1554 3949 Dei
1585 3884 1765 3952 consolor:
1799 3880 1846 3955 τὰ
1863 3879 2037 3979 πρόβατα
2058 3883 2106 3958 τὰ
2129 3884 2200 3978 ἐμὰ
2220 3893 2287 3982 τῆς

1286 3987 1414 4075 φωνῆς
1438 4007 1514 4072 μου
1537 3977 1682 4069 ἀκούει,
1725 3982 1832 4085 adytis
1857 3982 2032 4085 γινώσκω
2059 3986 2176 4074 αὐτὰ,
2219 3987 2284 4062 καὶ

1285 4077 1590 4177 ἀκολουθήσουσί
1605 4112 1689 4180 μοι.
1721 4083 1828 4188 κᾷγα)
1851 4085 1952 4182 ζωὴν
1972 4084 2125 4163 otmarus
2143 4087 2284 4184 δίδωμι

1285 4185 1431 4271 αυτοῖς,
1467 4183 1531 4258 καὶ
1547 4186 1592 4261 οὐ
1607 4184 1660 4282 μὴ
1676 4183 1882 4283 ἄπόλρνται
1898 4193 1948 4272 stc
1962 4190 2029 4264 τὸν
2046 4195 2185 4278 αἰῶνα,
2216 4189 2284 4264 καὶ

1320 4444 1347 4508 1)
1367 4440 1502 4512 lntegrsm
1517 4443 1722 4514 inscriptionem
1734 4447 1851 4499 servarit
1867 4447 1930 4500 cod.
1942 4447 2027 4516 Lsng.

1318 4526 1347 4593 2)
1366 4526 1596 4583 concauam.
1613 4530 1696 4582 sacro
1710 4533 1861 4597 nuptialis;
1879 4533 1942 4586 cod.
1956 4533 2040 4602 hang.
2054 4551 2136 4586 sacro
2149 4535 2283 4598 metult

1317 4612 1347 4680 8)
1366 4618 1482 4668 coeteris
1496 4615 1569 4668 abest
1583 4632 1597 4666 a
1609 4614 1671 4668 cod.
1686 4614 1771 4685 Lsug.

1318 4702 1346 4753 n
1365 4699 1434 4752 Cod.
1449 4698 1534 4753 Goth.
1551 4699 1652 4751 sones
1667 4700 1730 4754 cod.
1742 4700 1826 4771 Lang.
1837 4705 1964 4773 prosilies
1978 4715 2003 4756 et
2018 4722 2131 4770 genero.
2181 4777 2186 4787 .

1320 4784 1347 4853 5)
1364 4787 1490 4852 praeno]
1505 4784 1800 4856 cod.1.sng.btana0.
2098 4801 2104 4813 ⁸

1319 4867 1353 4936 6)
1370 4865 1440 4919 Vide
1453 4885 1495 4919 eas
1509 4867 1541 4919 ad
1558 4866 1601 4920 28.
1617 4866 1697 4922 Febr.
1713 4868 1740 4924 h.
1754 4889 1778 4923 a.

1316 4950 1346 5020 7)
1365 4950 1454 5003 etism
1468 4951 1532 5004 cod.
1547 4950 1634 5009 Goth.
1648 4953 1708 5008 191.
1723 4957 1878 5012 nonhabet.

1316 5037 1346 5104 s)
1364 5033 1435 5090 cod.
1450 5037 1536 5096 Gotb.
1551 5039 1611 5093 191.
1625 5028 1653 5093 et
1665 5041 1727 5095 cod.
1741 5041 1825 5114 Lsng.
1840 5061 1917 5110 ages.
1945 5056 1954 5062 “

1317 5122 1346 5190 9)
1367 5120 1438 5176 cot.
1453 5112 1539 5178 Goth.
1552 5123 1613 5180 191.
1625 5127 1768 5199 saeviores.
1845 5179 1848 5187 ,

1319 5207 1363 5273 10)
1377 5208 1462 5272 prius
1477 5207 1551 5261 abest
1568 5198 1763 5266 scod.‘Goth.
1776 5212 1837 5265 401.

1311 5295 1362 5363 ,11)
1380 5293 1567 5349 81111111.-
1591 5293 1832 5366 irrepsdtsotos?

1319 5379 1364 5452 12)
1384 5378 1453 5441 cod.
1467 5380 1555 5438 Gon.
1572 5381 1632 5439 191.
1645 5384 1765 5450 mama.
