4748 6022
654 243 659 253 ’
700 233 972 311 ANNALES
1003 233 1195 313 trinu
1227 237 1361 312 ntnL'.
1416 238 1551 314 164⁷.
2048 247 2054 250 ’
2099 266 2151 319 xv

111 343 121 360 ’
154 349 214 415 lut.

111 419 122 442 ι
301 449 483 528 „habuisses
496 466 567 510 cunr
581 441 719 509 Luthero
738 445 905 524 direrstuu,
932 446 1082 510 debuisses
1098 447 1176 510 illud
1194 453 1262 529 ipso
1279 447 1379 508 adhuc
1394 450 1513 509 vivente
1529 448 1681 529 proferre3
1706 472 1789 512 nuno
1803 460 1880 512 vero'
1892 454 1916 511 si
1935 454 2009 534 quid
2029 455 2065 513 ab
2081 457 2149 534 ipso

300 551 481 629 „diversum
497 550 644 625 docueris,
671 552 836 629 experieris
847 567 917 608 sane
931 551 1056 626 multos,
1080 552 1133 632 qui
1149 552 1205 611 tibi
1218 549 1432 613 contradicent.
1485 544 1633 627 1111111111
1652 547 1767 617 Dttlct
1782 549 1951 631 &tibitibi
1977 552 2062 623 {litha
2090 565 2150 619 tnts

300 648 427 731 ..tarsu
448 649 498 728 ib
517 645 676 732 tibilitanas
701 655 819 715 natarat
836 647 1001 728 bugeidtr
1022 665 1093 732 gout
1118 649 1258 734 tiballi.
1279 649 1340 715 unt
1363 649 1412 727 titt
1434 645 1494 729 ibat
1520 647 1591 727 istut
1605 655 1837 714 veneniferam
1853 670 1891 717 ou
1907 653 1958 719 bu
1974 652 2067 721 &tim
2084 655 2149 733 out,

301 753 414 836 „quod
427 756 547 834 signum
568 764 631 812 erat
653 755 800 812 cominori
820 755 931 828 aritini,
958 750 1073 819 mactet
1096 747 1146 829 iitb
1165 747 1256 835 tunic
1275 763 1332 815 aon
1353 749 1413 832 titur
1430 749 1487 829 ab,
1511 750 1570 816 aab
1591 754 1685 819 trtrta
1705 753 1805 818 retiret
1824 754 1884 819 lein
1898 752 1988 822 ibott
2005 753 2057 820 mit
2074 755 2147 835 ibor,

300 851 451 935 ,Anubem
471 869 521 935 tog
537 851 607 928 teat.
659 849 714 920 toa
733 867 793 918 nou
810 849 970 945 libitinam
992 847 1117 929 birisco!
1138 857 1207 928 norb
1225 850 1409 930 §linteatus
1434 848 1519 931 tour.
1546 854 1604 916 aab
1624 850 1674 925 lirb
1692 852 1807 923 bostat
1826 854 1925 916 illator
1947 857 2016 928 norb
2033 854 2147 932 *ubertas

301 954 404 1036 „burg
422 952 546 1036 btqrbau
565 949 665 1034 butte.
684 946 814 1036 ‘meslete
828 949 880 1034 aa
896 949 1009 1036 berron
1025 949 1132 1036 bioca
1147 945 1183 1043 *)
1205 969 1295 1035 grean
1316 949 1359 1018 tie
1375 949 1535 1033 (beloium
1552 950 1624 1019 atre
1642 954 1743 1036 tutore
1760 971 1815 1037 not
1831 955 1957 1036 cratin,
1982 971 2010 1019 et
2026 980 2077 1019 eos
2092 960 2146 1020 de-

299 1058 476 1134 „mulcebet
491 1057 681 1134 marteribus,
710 1052 785 1134 botb
800 1050 884 1136 tineo
906 1049 962 1118 olis
978 1051 1085 1119 boote
1101 1071 1159 1134 oc,
1180 1059 1240 1120 unt
1258 1052 1390 1135 terebret
1408 1050 1445 1132 it
1467 1051 1520 1119 mit
1535 1049 1722 1133 baldinico.
1776 1055 1867 1122 linter
1883 1058 1993 1121 urbem
2010 1056 2147 1139 terebrat
2169 1045 2171 1048 ⁴

296 1155 412 1237 „atii
435 1153 644 1239 bonorem
667 1155 728 1223 aab
743 1153 842 1239 bura
862 1151 1051 1237 libitinae
1077 1153 1170 1222 sinant
1185 1153 1266 1237 jetan
1288 1154 1348 1220 tina
1362 1156 1524 1232 [annuae
1539 1149 1735 1241 bonnuaria.
1760 1156 1992 1224 ciamaretur
2011 1156 2144 1238 &odiro

295 1307 315 1337 „
325 1267 430 1324 ntomt
437 1301 449 1337 r
475 1256 566 1325 aciat
583 1254 705 1338 ssbolet.
731 1252 791 1322 aab
805 1253 858 1330 titi
873 1255 958 1331 thorn
973 1254 1029 1321 olle
1047 1252 1155 1324 &nobe
1169 1257 1322 1322 consitor
1339 1258 1398 1322 unt
1414 1253 1551 1335 cotonea.
1601 1255 1763 1340 atrebata
1778 1248 1850 1350 [ii]
1868 1256 1968 1325 briant
1991 1256 2144 1341 tibilim

173 1425 177 1435 ,
294 1364 396 1440 „orm
423 1357 503 1426 einen
518 1358 626 1443 croam
641 1352 741 1442 nutat
756 1357 815 1423 ont
830 1353 961 1436 bassim
977 1355 1021 1423 bei
1035 1352 1112 1425 oisc
1127 1355 1285 1444 brtebttsu
1306 1374 1341 1442 ta
1354 1355 1572 1441 mittentur.
1597 1356 1655 1437 boi
1676 1357 1712 1442 fia
1726 1359 1855 1428 totiibu
1878 1358 1961 1446 ibera
1985 1362 2081 1430 bitem
2095 1377 2144 1445 go

294 1458 468 1544 „inoptam
483 1461 582 1545 berta
599 1459 665 1524 boib
681 1457 840 1540 oilstbingt
857 1456 1040 1539 aergofito.''

152 1575 209 1638 2⁶.
243 1575 439 1656 Melanthon,
464 1599 534 1639 cum
548 1574 746 1659 Bugenhogio
770 1588 799 1637 et
821 1570 1004 1656 crucigero,
1030 1577 1228 1656 proficiscitur
1240 1575 1290 1648 W
1289 1580 1475 1659 ittebergom.

152 1696 210 1757 26·
242 1692 294 1756 Est
311 1693 538 1777 Wittebergae‚
564 1696 777 1755 deliberaturus
792 1693 829 1754 de
843 1691 1009 1753 academiae
1021 1695 1132 1754 tabulis
1147 1697 1231 1755 velut
1245 1717 1261 1754 e
1274 1697 1431 1777 nautiaglo
1447 1697 1635 1778 colligendis.

150 1812 208 1874 st.
241 1811 403 1875 Mauritius
419 1808 495 1876 Dux
508 1825 552 1874 est
564 1810 774 1892 Wittebergae
789 1823 819 1872 et
835 1810 962 1872 declarat
976 1831 1008 1871 se
1022 1809 1204 1872 academiam
1219 1832 1282 1872 non
1294 1818 1394 1876 solnm
1409 1827 1606 1894 servaturum,
1621 1813 1673 1875 sed
1688 1817 1780 1876 etiam
1794 1827 1953 1877 aucturum
1966 1836 2040 1877 esse.

124 1923 209 2004 Aug.
1716 1912 1723 1927 ”

176 2033 210 2092 1.
242 2009 810 2082 M01.v00aruserurnnanum.-
858 2008 1045 2072 Dialectieen
1061 2017 1179 2074 retexit.
1203 2045 1255 2060 -
1305 2011 1521 2077 Adulescentes
1539 2019 1633 2099 aliqui
1650 2022 1751 2097 ipsum
1766 2030 1837 2079 suut
1851 2020 1964 2095 secuti,
1989 2037 2066 2100 quos
2080 2017 2142 2074 iarn
2263 2082 2265 2086 .

294 2121 400 2195 docet,
423 2121 501 2178 iuter
517 2136 593 2198 quos
610 2118 699 2174 etiam
715 2111 967 2175 Bartholomaeus
982 2110 1135 2192 Lamnus,
1156 2108 1349 2194 Cygneensis.
1399 2113 1446 2190 (V
1446 2117 1489 2178 id.
1504 2137 1554 2196 ep.
1571 2116 1600 2177 d.
1620 2122 1678 2183 26.
1693 2115 1811 2196 Aug.)-

154 2248 209 2309 10,
244 2232 380 2317 Exponit
394 2232 602 2312 Meieuburgic
616 2235 762 2308 rationes,
787 2251 841 2290 cnr
854 2229 1078 2310 Wittebergam
1092 2229 1225 2295 redierit.
1247 2262 1300 2276 —
1350 2227 1508 2294 Mauritius
1522 2230 1615 2308 Dux,
1640 2228 1720 2294 nun'c
1732 2231 1864 2310 Elector,
1889 2235 1922 2294 in
1937 2251 2054 2293 summo
2070 2231 2140 2293 odio

294 2349 355 2398 erat
368 2337 448 2416 apud
462 2331 592 2395 Lutheri
608 2336 747 2395 cultores.
799 2330 842 2392 Hi
863 2334 927 2392 i'ere
940 2353 1046 2393 omnes
1062 2332 1234 2412 gratiamne
1250 2331 1504 2413 reprehendebant
1517 2331 1761 2412 Melanthonem‚
1786 2336 1868 2417 quod
1884 2331 1988 2396 lenam
2002 2355 2064 2395 non
2080 2339 2141 2394 mi·

293 2440 421 2520 graverit
434 2437 486 2497 sed
501 2432 725 2517 Wittebergem
740 2433 870 2495 redierit.
922 2432 1088 2511 Putabaut,
1115 2455 1185 2494 eum
1198 2420 1282 2494 nunti
1293 2456 1363 2495 cum
1376 2431 1520 2498 Mauritio
1541 2449 1617 2497 stare
1643 2458 1659 2496 a
1679 2439 1813 2518 partibus
1829 2436 1962 2500 Caesaris
1977 2448 2007 2497 et
2027 2436 2140 2496 doctri-

293 2561 363 2602 nam
380 2535 511 2601 Lutheri
524 2551 664 2599 mutasse.
715 2533 822 2599 Multis
837 2539 930 2616 igitur
946 2540 1113 2598 amicorum
1127 2556 1251 2597 suorum
1266 2533 1442 2598 Meleutlron
1456 2541 1558 2600 scribit
1572 2558 1675 2600 causas
1690 2542 1809 2600 consilii
1821 2539 1881 2601 hos
1896 2552 2042 2620 tempore,
2067 2560 2094 2605 e.
2111 2560 2140 2619 g.

292 2639 426 2727 Aquilae
440 2641 470 2704 d.
489 2644 547 2707 29.
562 2636 665 2720 Aug,
691 2635 820 2719 Stigelio
837 2638 868 2703 d.
886 2643 947 2706 18.
963 2637 1056 2716 Oct„
1081 2634 1250 2701 camerario
1267 2637 1296 2698 d.
1313 2638 1371 2706 24.
1387 2636 1466 2700 Nor.

111 2816 119 2824 .
151 2732 206 2840 12,
241 2756 446 2822 Proficiscitur
462 2778 532 2819 cum
547 2753 646 2817 Ebero
661 2754 807 2818 Dresdam
829 2754 866 2816 de
887 2756 1044 2837 stipendiis
1059 2751 1241 2822 Academiae
1257 2739 1471 2817 deliberaturus
1494 2776 1563 2817 cum
1579 2754 1839 2837 Commerstadio,
1871 2755 2069 2820 Caucallario.
2089 2785 2141 2801 -

290 2861 423 2924 Misenne
441 2862 574 2940 primum
589 2859 665 2919 vidit
681 2854 847 2939 Georgium
862 2855 1045 2921 Fabricium.
1070 2893 1121 2908 —
1173 2854 1221 2918 Da
1237 2860 1291 2917 illo
1314 2860 1420 2918 itinera
1437 2855 1584 2940 Georgius
1597 2860 1768 2938 Fabricius,
1787 2856 1898 2924 Rector
1917 2856 2047 2921 Scholao
2061 2853 2141 2919 Mis·

289 2971 389 3027 nensis
409 2965 512 3024 scribit
528 2961 566 3021 ad
579 2957 752 3023 Meurerum
766 2962 797 3026 d.
816 2967 877 3026 22.
891 2957 977 3041 Aug.
999 2956 1126 3026 16422
1154 2956 1243 3037 „lter
1258 2959 1319 3020 huc
1334 2960 1406 3021 i'ecit
1421 2957 1500 3021 l'hil.
1516 2959 1608 3040 Men,
1634 2984 1703 3025 oum
1721 2981 1782 3046 quo
1797 2965 1895 3026 varios
1910 2974 1940 3023 et
1958 2959 2044 3021 valde
2060 2962 2140 3022 ami·

291 3090 371 3147 „cos
386 3086 537 3128 sermones
552 3063 732 3126 habuimus:
759 3065 868 3146 quibus
880 3065 933 3123 ille
947 3064 1081 3125 versibus
1098 3059 1156 3122 hoc
1172 3060 1320 3143 oppidum
1334 3082 1369 3122 ao
1383 3073 1477 3123 totam
1492 3068 1595 3143 potius
1612 3076 1731 3144 gentem
1746 3067 1877 3142 ornarit,
1903 3066 1983 3143 leges
1998 3061 2038 3121 ad
2050 3062 2140 3121 mem

291 3173 480 3247 „itinerum
506 3165 661 3249 quomodo
684 3187 739 3227 uos
755 3187 824 3226 etun
840 3168 1040 3247 acceperimus
1061 3176 1130 3243 pete
1145 3184 1162 3223 a
1175 3161 1293 3225 Blasio.
1342 3158 1391 3224 Da
1413 3164 1514 3225 scholia
1532 3163 1770 3247 Wittebergensi
1786 3164 1976 3224 instauranda
1994 3165 2139 3243 optimam

292 3291 353 3357 ,pse
372 3290 457 3350 spem
477 3267 587 3328 habere
600 3266 778 3344 at'lnmarit,
804 3267 842 3327 de
858 3287 917 3349 qua
935 3263 1085 3328 euenire
1105 3252 1198 3352 [villa
1213 3262 1407 3340 Kalkreurh,
1433 3286 1528 3346 prope
1545 3264 1704 3347 Hayuam,
1730 3284 1807 3350 quae
1821 3278 1888 3328 tum
1902 3263 1963 3327 icit
1978 3261 2141 3327 (inmmer-

290 3359 400 3460 stadii]
423 3366 494 3447 „D.
510 3365 781 3430 Gummerstadium
798 3364 967 3430 couvenit.''
1018 3364 1124 3444 (Edita
1135 3378 1179 3426 est
1195 3371 1284 3447 epist.
1299 3369 1331 3424 in
1344 3384 1445 3445 progr.
1461 3364 1573 3429 Nobbii
1591 3388 1625 3449 p.
1646 3366 1720 3445 16.)

144 3495 203 3559 20.
236 3485 310 3550 Mel.
324 3491 435 3551 iterum
449 3498 493 3549 est
505 3482 725 3565 Wittebergee.
753 3520 803 3534 -
855 3478 968 3545 Adhuc
983 3484 1161 3545 deliberatur
1175 3483 1213 3543 de
1228 3481 1374 3543 reditibus
1389 3478 1581 3546 Academiae.

144 3610 203 3675 27.
237 3603 333 3668 Mittit
346 3602 501 3668 Psalrnum
515 3603 818 3684 quinquagesimum,
844 3603 975 3662 carmine
992 3600 1154 3661 redditum.
1175 3632 1228 3646 —
1278 3594 1441 3660 Dialectica
1454 3598 1615 3664 recuditur.

144 3729 203 3794 st.
237 3723 374 3788 Advenit
395 3723 509 3782 coniux
522 3715 745 3796 Melanthouis,
772 3717 825 3777 sed
845 3737 921 3780 mox
937 3714 1122 3781 Northusam
1138 3715 1247 3796 rediit,
1272 3717 1326 3780 ubi
1349 3694 1517 3780 dersabatur
1533 3712 1737 3782 Melanthonis
1757 3716 1893 3800 familia,
1918 3731 2046 3804 excepto
2061 3722 2138 3802 atto,
2262 3714 2265 3723 ’

288 3846 380 3910 quem
395 3843 497 3886 mcum
509 3820 636 3883 duxerat
649 3818 884 3901 Wittebergam.

117 3922 159 3990 se
193 3969 203 3990 .

159 3939 203 4095 Pi·
237 4027 415 4094 Dialectices
431 4049 543 4092 novam
558 4028 722 4090 editionem
737 4020 938 4089 dicatIoanni
951 4020 1140 4104 cinerario,
1164 4015 1313 4088 loachimi
1328 4027 1405 4093 filio.
1430 4061 1482 4076 -
1532 4022 1719 4092 Camerarius
1733 4026 1858 4095 adornat
1873 4048 2008 4116 graecam
2021 4033 2137 4096 verdo-

287 4156 358 4196 uem
371 4132 569 4217 Augustanae
588 4131 795 4193 confessionis.
820 4160 873 4174 —
920 4123 1047 4188 lnltium
1061 4141 1227 4191 conventus
1240 4127 1423 4210 Augustani.
1790 4118 1796 4125 ’

170 4252 204 4314 2.
237 4249 401 4314 Theodoro
417 4253 535 4329 scribit,
559 4247 713 4334 quomodo
729 4250 922 4309 concionator
937 4248 1118 4309 iniustitiam
1132 4251 1242 4308 summi
1256 4251 1445 4329 magistratus
1460 4257 1562 4308 taxare
1578 4246 1694 4320 debeat.

168 4366 203 4432 6.
237 4365 420 4450 Expectatur
431 4364 568 4429 Mauritii
585 4369 737 4429 decatum
751 4362 789 4424 de
800 4358 976 4428 Academia.
1001 4401 1052 4421 -
1102 4362 1280 4428 Melanthon
1294 4361 1426 4448 Georgio
1440 4359 1610 4430 Anhaltinc
1625 4369 1785 4432 conscribit
1801 4367 1961 4448 epistolam
1976 4365 2015 4429 ad
2037 4362 2137 4431 Gran-

287 4473 439 4532 vellannm
452 4469 638 4533 mittendam.

166 4589 200 4653 9.
234 4584 366 4675 Aliquot
381 4590 444 4651 dies
460 4601 504 4651 est
519 4588 602 4671 apud
616 4585 789 4666 Principem
803 4576 981 4668 Ascanium.

146 4705 200 4768 18·
233 4703 307 4771 Mal.
327 4707 365 4768 ad
379 4704 540 4769 Alesiam:
566 4701 710 4786 „Scripsi
726 4705 759 4764 in
771 4701 820 4763 his
834 4700 992 4762 itineribus
1007 4701 1125 4762 aestivis
1139 4713 1283 4784 tanquam
1302 4705 1417 4765 tabulas
1431 4707 1619 4782 testamenti,
1644 4701 1802 4786 inquibus
1824 4706 1925 4787 palam
1945 4705 1983 4768 de
1998 4709 2138 4773 omnibus

281 4811 594 4874 controversils'narrc
610 4807 687 4893 quid
699 4808 844 4883 mutiam,
871 4816 901 4866 et
916 4805 1071 4866 obscurius
1082 4805 1197 4865 alicubi
1211 4804 1290 4868 diota
1304 4802 1452 4888 explico.”

141 4921 197 4987 18.
231 4925 362 4991 Sabinus
376 4939 421 4988 est
435 4927 468 4988 in
490 4928 596 4986 itinere
611 4925 650 4987 ed
664 4922 892 4987 Melanthouem
908 4943 978 4984 cum
992 4922 1132 4982 omnibns
1152 4923 1264 4986 liberis.
1290 4954 1343 4970 -·-
1393 4921 1517 5004 Accipit
1535 4925 1693 5001 nuntium,
1717 4943 1845 4987 uxorem
1867 4896 1952 4988 suam
1967 4924 2137 4990 Northusae

283 5033 455 5112 gravissime
471 5038 636 5109 aegrotare.
686 5023 737 5090 Ex
749 5045 887 5089 moerore
895 5069 906 5106 ,
930 5035 1077 5107 concepto
1093 5046 1132 5087 ex
1146 5027 1260 5110 iniquis
1271 5025 1393 5089 iudiciis
1406 5025 1444 5087 de
1464 5046 1497 5089 sa
1512 5025 1794 5112 undique-sparsis,
1814 5030 1916 5092 auimo
1931 5031 2029 5112 magis
2045 5049 2136 5112 quam

282 5152 407 5215 corpore
421 5133 582 5195 laborabat.

264 5427 295 5497 ⁸)
311 5424 339 5483 is
356 5425 410 5480 tuit
426 5425 454 5482 d.
470 5426 514 5482 bi.
533 5419 681 5481 lulltstt.
693 5419 897 5493 wittehergse
