4734 6000
232 251 300 308 aa
473 332 488 341 -
565 310 570 316 ,
736 221 1395 337 auuauasvrraaunr.
1447 225 1579 305 1547
1632 221 1765 306 rste

232 342 337 513 εἰς.
369 435 500 501 Mittitur
514 439 592 498 filius
606 434 680 498 Mel.
695 435 733 497 ad
747 444 889 513 matrem,
915 457 1006 519 quem
1020 457 1095 498 mox
1108 443 1244 522 sequitur
1255 438 1464 503 Melanthou
1454 461 1519 520 rpse
1534 439 1625 502 simul
1640 459 1710 502 cum
1727 435 1857 517 Saluo,
1885 459 1939 520 qur
1928 438 2118 503 advenerat

370 556 508 636 Exeunte
520 575 621 616 mense
635 565 680 615 est
694 549 880 631 Northusae,
907 557 960 615 ubi
976 567 1178 619 commoratus
1192 569 1236 619 est
1252 579 1348 643 usque
1361 550 1409 618 ad
1409 556 1438 617 d
1456 561 1488 625 8
1504 554 1574 619 Oct.

266 679 338 743 Oct.

306 805 337 865 6.
371 789 544 854 Northusaa
561 804 604 854 est
618 813 687 852 oum
701 787 825 852 Sabino.
852 820 902 834 -
952 787 1123 851 Erotemata
1137 788 1312 853 dialecticos
1328 791 1513 873 prodierunt.
1916 862 1921 871 ,

370 907 465 971 Mittit
482 906 612 989 Georgic
630 906 798 970 Anlraltino
816 912 981 971 orationem
997 909 1034 970 de
1050 911 1147 971 verbis
1161 906 1248 971 l'auli
1266 917 1282 976 1
1303 906 1440 971 Timotln
1458 910 1493 986 4,
1517 916 1572 979 13.
1590 909 1713 973 attonde
1728 888 1850 972 lectioni
1863 886 1921 973 etc.

283 1037 339 1098 10.
371 1025 444 1088 Mel.
462 1032 572 1088 iterum
585 1039 629 1086 est
643 1024 862 1107 Wittebergae.
1017 996 1020 1003 Ι

283 1153 339 1214 16.
372 1142 565 1204 instauratio
580 1140 772 1204 Academias.
801 1152 846 1189 ··'-
899 1138 973 1205 Mel.
990 1143 1096 1206 indicit
1110 1148 1327 1207 enarrationem
1342 1146 1488 1223 epistolae
1503 1143 1540 1203 ad
1555 1140 1746 1208 colossenses
1763 1149 1791 1207 d.
1810 1147 1868 1212 24·
1885 1143 1956 1208 Oct.
1976 1143 2187 1207 inchoandam.

373 1259 503 1324 Sabinus
517 1262 595 1322 redit
607 1256 855 1341 Regiomontum.
967 1240 969 1244 Ι
1798 1247 1800 1251 ’

284 1385 339 1448 18.
372 1377 445 1443 Mel.
464 1380 567 1439 scribit
581 1375 781 1456 Nerthum,
807 1390 847 1437 ιιι·
858 1375 974 1439 familia
989 1381 1089 1440 veniat
1108 1374 1341 1458 Wittebergaru.

259 1467 270 1477 ἡ
375 1495 447 1558 Tria
464 1497 559 1555 millia
574 1498 785 1575 exemplorum
802 1494 971 1558 dialectices
986 1497 1105 1559 vendita
1120 1505 1209 1573 sunt;
1236 1514 1327 1581 quare
1343 1496 1405 1554 iam
1420 1490 1581 1556 recuditur.

283 1613 340 1680 24.
375 1612 500 1673 Inchoat
517 1616 660 1673 lectiones
674 1615 818 1693 publicas.

286 1738 343 1798 26.
375 1727 504 1791 Scribit.
533 1726 723 1806 „Dialectica
743 1728 910 1805 recuditur;
938 1733 993 1790 etsi
1011 1750 1073 1788 uon
1090 1731 1184 1787 ιιιιιιιι
1207 1743 1312 1808 muto,
1339 1743 1437 1792 tamen
1454 1728 1545 1789 editio
1567 1733 1714 1809 posterior
1731 1727 1915 1788 emendatior
1932 1720 2016 1790 erit.’
2044 1759 2088 1777 -
2146 1729 2274 1839 „Hodie

424 1830 564 1911 respondi
580 1829 730 1912 Episcopo
747 1827 973 1910 enarrationi,
1000 1836 1053 1914 qui
1068 1850 1116 1890 me
1132 1833 1164 1889 in
1180 1828 1253 1890 Ana
1233 1775 1327 1910 elindi
1338 1820 1459 1894 rocatf
1486 1867 1534 1882 -
1589 1828 1774 1892 Camerarius
1789 1831 1865 1891 redit
1878 1825 2025 1910 Lipsiam.

267 1948 346 2012 Not.

242 2072 248 2083 “
312 2068 344 2132 4.
376 2062 512 2144 Rogatus
530 2086 547 2123 a
562 2065 745 2125 scholasticis
761 2075 875 2125 enarrat
892 2065 1045 2142 proverbio
1058 2056 1238 2124 Salomonis.

288 2192 343 2252 10.
376 2179 471 2241 Mittit
488 2185 590 2243 amicis
608 2202 726 2242 carmen
742 2180 778 2240 de
794 2182 898 2261 eclipsi
915 2184 995 2240 solia.

289 2310 344 2372 13.
377 2294 492 2359 Gratias
507 2301 567 2378 agit
582 2296 661 2382 Regi
675 2298 809 2377 Dauiae,
836 2319 853 2358 a
872 2319 933 2382 quo
950 2297 996 2363 50
1013 2293 1211 2359 loachimicos
1227 2297 1307 2359 douo
1323 2312 1485 2378 acceperat.

198 2421 201 2428 ’
287 2427 346 2487 19.
378 2414 431 2476 Est
445 2412 580 2495 Lipsiae.

291 2547 348 2637 24.
379 2531 493 2594 lterum
509 2547 629 2594 vocatus
644 2531 907 2594 estaMarchioue
921 2530 1084 2594 Electore
1075 2554 1107 2592 ru
1121 2530 1319 2593 Academiam
1335 2533 1549 2612 Frmcolfford
1576 2531 1674 2596 auid.
1691 2533 1749 2600 25.
1764 2529 1844 2594 Nor.
1858 2535 2021 2614 respondit.

287 2633 345 2723 29
379 2650 426 2713 De
441 2647 623 2711 Academiae
638 2650 781 2713 reditibus
805 2665 835 2713 et
851 2652 1009 2732 stipendiis
1033 2651 1190 2713 doctorum
1213 2651 1350 2711 noudum
1370 2656 1567 2713 constitutum
1589 2665 1643 2753 est
1693 2649 1808 2712 Aberat
1823 2648 1982 2715 Mauritius
2000 2652 2152 2715 Elector
2143 2675 2174 2713 ru
2191 2653 2274 2714 Cou-

338 2774 341 2779 ·
429 2767 521 2814 ventu
534 2750 724 2833 Augustano.

275 2873 349 2937 Dec.

316 3001 348 3060 2.
383 2987 417 3049 ln
432 2990 534 3050 schola
549 2991 656 3075 repetit
674 2987 891 3053 confessionem
907 2990 1056 3053 doctrinae
1074 3008 1199 3070 eamque
1215 2990 1344 3068 opponit
1359 2987 1483 3051 decretis
1496 2984 1615 3070 Synodi
1631 2985 1835 3051 Tridentinae.

291 3118 348 3180 15.
379 3104 465 3168 Nora
483 3088 754 3193 editiosdialectices
773 3111 907 3169 absoluta
922 3123 975 3184 est,
1002 3113 1033 3168 iu
1052 3128 1110 3189 qua
1130 3106 1274 3189 quaedam
1287 3109 1424 3167 mutavit.

291 3238 297 3305 j
375 3221 520 3309 ιΑιιοιιιιιι
531 3223 742 3287 rei'utationem
756 3225 942 3286 decretorum
962 3221 1080 3305 Synodi
1096 3221 1306 3301 Tridentinae,
1332 3221 1472 3299 Ziaglsro
1485 3219 1639 3305 Lipsiensi
1654 3227 1755 3285 scribit
1772 3228 1956 3302 orationem,
1983 3229 2071 3305 eique
2087 3227 2179 3285 mittit
2196 3228 2276 3285 iudi·

432 3330 511 3388 cium
527 3327 563 3386 de
578 3330 729 3407 coniugio.

292 3443 348 3503 19.
381 3441 475 3505 Mittit
493 3438 623 3525 Georgia
642 3442 809 3522 Aulraltiuo
826 3426 1001 3507 corroionenr
1017 3448 1048 3505 in
1064 3443 1176 3505 l'estum
1190 3447 1351 3505 nativitatis
1365 3441 1487 3505 Christi.

291 3563 349 3627 26·
381 3561 516 3622 l'ocatus
539 3563 734 3641 proficiscitur
755 3558 903 3645 Torgam,
932 3575 965 3624 ut
986 3565 1028 3623 ibi
1050 3585 1120 3625 oum
1138 3560 1395 3640 Curnmerstadio‚
1424 3558 1627 3638 Cancellario,
1656 3561 1797 3621 deliberet
1818 3559 1854 3618 de
1874 3559 2081 3620 constituenda
2104 3564 2278 3620 oeconomia

432 3662 619 3724 Academiae.

1158 4086 1325 4164 ANNO
1362 4089 1491 4171 1548.
1524 4158 1530 4163 .

282 4323 347 4387 lan.
381 4316 559 4399 Melanthea
578 4337 620 4385 est
629 4313 771 4397 Decauus
790 4328 902 4389 ordinis
918 4323 1184 4407 Philosophorum.
1620 4394 1623 4401 ,

300 4434 564 4521 3Torgaviam
579 4456 702 4504 vocatus
716 4447 811 4505 sbr
774 4450 834 4526 agit
851 4466 919 4506 cum
935 4441 1184 4520 commentatio,
1210 4440 1345 4506 dIauritii
1361 4450 1470 4524 legato,
1488 4444 1523 4503 de
1534 4444 1694 4505 donatione
1709 4438 2048 4509 redituuonederniae
2063 4445 2279 4505 constituenda.

315 4567 347 4629 8
382 4548 541 4618 Interoedit
554 4560 633 4639 apud
651 4557 828 4623 llleuritiurn
844 4582 897 4643 pro
910 4555 995 4622 lusto
1011 4557 1103 4638 lona,
1130 4557 1401 4642 Superinteudeute
1415 4561 1580 4639 Halleusi,'
1594 4566 1644 4627 cni
1659 4559 1820 4623 llleruitius
1837 4565 1964 4640 graviter
1980 4566 2164 4624 irascebatur.

233 4687 348 4747 12.
382 4671 530 4755 Hugelio
527 4680 630 4739 scribit
644 4678 682 4738 de
695 4680 858 4747 diabolicis.
865 4701 918 4743 seu
933 4684 1056 4759 magicis
1071 4685 1292 4744 exorcismis.
1350 4744 1353 4749 .

383 4789 580 4856 Commendat
593 4795 798 4858 Franseisoum
812 4794 1016 4878 Dryandrum
1024 4795 1204 4878 cranmere,
1231 4795 1472 4883 Ar'elriepiscopo
1491 4796 1714 4874 cantuariensi,
1735 4810 1764 4858 et
1778 4792 1926 4858 Eduardo¹
1937 4790 2172 4877 Regeabguae.

291 4917 347 4984 15.
382 4905 507 4973 Enarrat
528 4909 691 4974 in'Schola
709 4912 882 4976 dialecticen
896 4921 926 4977 ’et
941 4915 1189 4979 tibrum-Horatii
1205 4918 1241 4979 da
1256 4931 1318 4979 arte
1334 4923 1461 4999 politica.
1483 4944 1486 4949 ·
1529 4944 1534 4957 ·

381 5023 549 5091 Redituum
562 5026 744 5090 Academiae
760 5029 882 5094 donatio
896 5035 1057 5094 liberaliter
1072 5018 1151 5097 lacta
1165 5050 1217 5098 est.
1329 5050 1336 5075 ·'

290 5157 347 5219 20.
383 5141 518 5206 Vocatus
535 5150 626 5205 estin
643 5142 772 5207 Daniam
788 5162 816 5209 et
834 5155 865 5211 in
881 5147 1035 5240 Angliam.

381 5262 476 5325 Mittit
496 5259 628 5320 libellum
644 5262 681 5322 dc
698 5262 722 5322 S
725 5267 837 5354 raedis

286 5383 343 5451 24.
380 5380 533 5459 Theologi
547 5377 791 5463 Witebergeuses
806 5390 982 5447 senteutiam
998 5408 1082 5449 suam
1099 5387 1135 5447 de
1152 5390 1280 5453 concilio
1296 5408 1313 5449 a
1328 5384 1409 5470 Papa
1425 5388 1537 5451 indicto
1552 5389 1679 5449 mittunt
1692 5383 1731 5444 ad
1742 5379 1937 5464 lllauritium,
1963 5381 2082 5448 Ducem
2097 5379 2171 5450 sax.
