4748 6022
214 133 289 209 ste
796 111 1239 192 EPISTOLARUM
1296 113 1406 192 ΗΒ.
1439 115 1487 193 X.
1541 111 1674 194 1646.
2183 120 2259 193 820

215 302 345 380 animis
367 295 549 392 gliscentia
570 297 648 367 τῶν
669 281 868 391 ἡγεμόνων
890 282 954 361 καὶ
975 283 1211 382 συμβουλεα-
1261 300 1302 357 nt
1323 283 1532 381 prophetiae
1556 292 1771 386 loquuntur,
1798 305 1840 364 ut
1859 292 1899 360 in
1921 291 1973 362 ira
1995 289 2262 361 misericordiae

215 411 294 483 τῶν
307 405 546 477 considerans.
578 393 628 467 Et
642 392 844 465 confirmari
859 390 899 461 in
914 390 1056 483 templis
1071 402 1106 459 et
1119 387 1212 459 aulis
1261 412 1344 460 suae
1361 387 1391 486 ⁵)
1414 396 1629 465 recordetur.
1696 393 1736 464 Si
1768 419 1842 463 non
1872 408 1923 464 est
1945 394 2135 463 mediocris
2159 393 2262 463 urhis

216 512 395 606 quaedam·
411 504 502 573 vicia
519 498 638 583 dolui,
664 521 754 591 quae
770 507 933 586 poterant
949 491 1130 563 emendari
1139 541 1152 577 ,
1178 502 1213 560 et
1261 507 1397 564 vestrae
1412 488 1442 587 ⁸)
1463 496 1723 589 tranquillitas,
1756 497 1858 565 valde
1875 509 1909 566 te
1925 521 2012 581 oro,
2043 510 2133 567 utet
2152 496 2262 566 iami-

217 609 398 687 emendari
418 626 556 673 necesse
579 614 664 673 erat.
716 598 785 669 Sed
804 598 992 689 praeterita
1007 595 1096 689 quid
1111 616 1212 685 repe·
1261 594 1346 663 liam
1370 610 1465 667 tuam
1490 600 1534 666 ad
1557 622 1623 667 nos
1643 599 1683 667 in
1703 600 1828 668 urbem
1844 591 2021 668 Sarahoth
2035 593 2064 692 ⁷)
2085 600 2261 685 traducas,

216 711 347 789 timus?
396 704 571 776 Fortassis
585 715 620 773 et
633 694 793 772 Macedo
807 698 935 770 abiecit
949 699 1110 768 instituta
1125 719 1212 765 con·
1262 709 1295 766 et
1311 697 1385 790 ipse
1402 693 1473 795 huc
1490 702 1623 781 venias,
1649 701 1705 770 vel
1722 715 1815 771 certe
1830 701 1873 767 ad
1891 701 2090 792 principem
2105 694 2260 771 Inachi-

217 815 297 886 silia
317 813 361 881 de
382 833 466 901 pace
491 808 644 901 quadam
667 803 933 897 desperatione,
958 791 999 871 εὖ
1024 793 1132 877 εἰδώς
1155 792 1212 867 ὅτι
1262 822 1380 884 πιαιη,
1413 801 1475 893 qui
1495 799 1586 871 mihi
1608 816 1767 872 amanter
1789 803 1922 872 obtulit
1944 798 2157 894 hospitium,
2190 829 2257 875 nec

216 911 388 1009 ἑκάτερος
406 907 586 1004 μέλαιναν
607 901 769 1002 καρδίαν
790 896 1047 997 κεχάλκευται,
1075 896 1120 973 οὐ
1135 915 1212 993 ψυ-
1261 902 1407 987 dubito,
1442 903 1532 996 quin
1560 917 1594 974 te
1622 905 1734 974 multo
1763 904 1934 975 libentius
1962 919 2169 995 excepturus
2201 907 2258 976 sit.

213 1021 290 1113 χρᾶ
306 1008 438 1112 φλογί,
464 1008 587 1106 ὥσπερ
602 1005 694 1104 φησὶ
708 1002 905 1100 πίνδαρος,
932 999 1024 1076 ἀλλὰ
1038 994 1213 1097 πυρώδει.
1262 1002 1424 1074 Servabit
1441 1002 1538 1075 Deus
1560 1001 1738 1075 Ecclesiae
1761 1030 1844 1075 suae
1860 1002 1890 1099 ⁸)
1914 1007 2102 1099 reliquias,
2131 1009 2163 1076 si
2184 1009 2258 1077 lra-

216 1088 472 1208 Cohfugiamus
503 1114 613 1203 igitur
643 1114 688 1180 ad
720 1108 996 1191 consolationes,
1040 1104 1212 1173 divinitus
1261 1119 1338 1175 ctus
1352 1103 1380 1200 ⁹)
1403 1105 1572 1177 illabatur
1595 1108 1703 1180 orbis.
1754 1106 1831 1177 Hac
1848 1132 1915 1178 nos
1932 1133 1992 1200 spe
2010 1123 2260 1192 sustentemus,

216 1219 430 1315 propositas,
463 1228 498 1285 et
525 1237 704 1306 speremus
732 1213 837 1281 etiam
860 1212 900 1279 in
923 1205 990 1277 hac
1012 1205 1211 1277 tristissima
1262 1220 1297 1276 et
1323 1232 1398 1277 non
1430 1208 1651 1296 dubitemus,
1693 1234 1813 1279 veram
1844 1233 1916 1279 esse
1941 1235 2062 1280 vocem
2087 1213 2260 1298 divinam,

215 1312 485 1418 μητρθκϊθνῖᾱ.
520 1330 636 1386 lamen
669 1336 873 1384 mansuram
902 1334 975 1380 2⁸³⁶
996 1306 1066 1378 1)θὶ
1088 1305 1213 1376 Eccle-
1262 1334 1352 1403 quae
1372 1309 1539 1395 affirmat,
1563 1311 1658 1381 inter
1680 1313 1830 1382 afflictos
1851 1305 2012 1383 hahitare
2028 1310 2163 1399 Deum,
2195 1315 2260 1407 qui

218 1427 325 1509 siam,
359 1447 398 1490 ac
419 1433 597 1509 petamus,
623 1431 664 1488 ut
676 1414 774 1487 Deus
799 1415 837 1481 in
856 1415 908 1483 ira
930 1436 992 1482 sua
1007 1411 1214 1479 recordetur
1262 1426 1379 1482 tamen
1393 1410 1436 1507 ¹⁰)
1453 1436 1533 1481 eum
1547 1414 1586 1481 in
1600 1415 1782 1502 agnitione
1797 1415 1862 1482 lilii
1875 1410 1913 1505 ¹¹)
1929 1415 2108 1488 invocant.
2160 1411 2260 1512 Περὶ

218 1521 491 1604 misericordiae,
514 1535 555 1590 ut
568 1520 687 1588 verbis
703 1531 783 1588 utar
798 1517 913 1585 divini
930 1514 1030 1585 vatis.
1063 1509 1112 1581 Et
1125 1532 1212 1580 con·
1261 1514 1480 1596 πλεονεξιῶν
1509 1511 1573 1586 καὶ
1599 1511 1809 1612 φιλαιιμίας
1830 1520 1977 1587 πολλῶν
1994 1513 2036 1611 ²²)
2061 1521 2257 1609 πανταχοῦ

218 1626 430 1701 stantissime
454 1635 648 1692 statuamus
672 1644 793 1689 vocem
818 1618 882 1687 lilii
898 1616 966 1686 Dei
987 1637 1106 1683 veram
1123 1635 1211 1680 esse:
1261 1616 1332 1685 mei
1356 1616 1517 1701 dolores,
1544 1641 1618 1687 non
1642 1619 1748 1702 novi,
1783 1618 1905 1687 multis
1928 1619 2005 1687 noti
2030 1634 2124 1690 sunt.
2179 1620 2254 1690 Deo

219 1727 357 1801 Omnes
374 1725 494 1816 capilli
510 1724 633 1815 capitis
650 1722 758 1792 vestri
777 1720 952 1789 numerati
972 1729 1066 1788 sunt.
1116 1712 1212 1782 lllud
1262 1720 1473 1788 commendo
1490 1732 1525 1790 et
1538 1743 1603 1789 γρ,
1619 1733 1652 1790 01
1670 1733 1821 1790 nostro„
1870 1717 2073 1790 Βρῃρνὸιρ,

219 1845 337 1903 autem
361 1843 490 1910 teoto,
516 1838 558 1894 ut
572 1824 602 1893 si
617 1837 730 1892 vestra
747 1823 834 1891 urbs
852 1846 926 1890 non
943 1832 994 1888 est
1009 1815 1212 1909 tranquilla,
2070 1817 2139 1896 pb·
2152 1821 2207 1892 M,

219 1957 300 2003 cum
323 1930 457 2001 familia
481 1939 541 1997 tua
560 1922 630 1995 huc
647 1926 685 1992 in
699 1924 875 1995 coloniam
890 1936 1043 1992 veterem
1057 1917 1214 1988 Sorabo-

218 2027 343 2128 rum*)
360 2031 491 2112 venias,
512 2043 574 2098 aut
586 2040 678 2096 certe
692 2028 736 2095 ad
754 2025 951 2117 principem
967 2017 996 2089 I
994 2013 1215 2103 oachimum,

218 2136 282 2232 qui
299 2159 379 2206 cum
393 2125 484 2201 mihi
500 2130 670 2200 obtulerit
686 2124 893 2217 hospitium,
920 2139 954 2196 te
968 2123 1082 2192 multo
1097 2121 1214 2190 liben-
1264 2153 1330 2227 No·
1346 2155 1460 2231 3664·
1863 2173 1878 2233 ¹
1887 2170 1920 2233 6.
1936 2163 2012 2233 ΒΝ.
2031 2162 2232 2244 (semme.)

219 2240 290 2310 tius
306 2237 464 2327 excipiet.
499 2231 573 2301 Nec
589 2232 735 2320 longum
752 2231 819 2299 iter
835 2243 904 2313 est,
931 2242 965 2297 et
980 2223 1214 2316 tranquillum
1270 2251 1443 2278 m
1822 2261 2259 2302 m

218 2363 322 2433 spero
337 2334 531 2428 hospitium
545 2336 642 2417 fore,
665 2334 778 2401 donec
792 2328 889 2400 Deus
904 2326 1042 2398 sedabit
1058 2320 1123 2393 hos
1136 2348 1215 2392 mo·
1602 2347 1667 2431 Io·
1697 2349 1928 2433 Marcello·

149 2517 152 2529 ,
219 2456 289 2514 tus.
340 2437 439 2509 Bene
461 2448 497 2506 et
518 2435 669 2504 feliciter
683 2433 779 2517 vale,
803 2431 1034 2511 conscribe,
1061 2426 1119 2495 vel
1133 2425 1216 2494 veni

219 2543 350 2634 polius.
1334 2507 1357 2577 'i
1375 2506 1626 2619 4414ζο1441ὶῆ0ῖο
1639 2510 1702 2566 cod·
1714 2509 1797 2566 Goth.
1813 2514 1874 2568 401.
1887 2511 1971 2584 ρζῦδ.
1983 2523 2009 2568 el
2021 2512 2086 2570 eod.
2102 2511 2183 2569 Goth.
2199 2511 2258 2568 191.

965 2625 1165 2721 Philippus.
1366 2595 1392 2648 μ’
1405 2577 1441 2630 ⁶⁰
1465 2617 1473 2633 ⁸

1432 2730 1497 2811 M.
1522 2732 1763 2808 Marcello
1787 2733 2098 2835 Regiomontano.

1266 2864 1311 2955 S.
1336 2881 1381 2958 D.
1433 2886 1515 2958 Scio
1536 2889 1702 2961 nuntium
1722 2892 1816 2983 apud
1833 2915 1897 2961 vos
1913 2893 2037 2978 fuisse,
2062 2893 2125 2987 qui
2140 2917 2261 2964 recens

235 3003 303 3078 No·
317 3002 428 3076 3563·
966 2999 1051 3078 (eod,
1066 3001 1176 3082 temp.)
1268 3011 1308 3056 ex
1330 2989 1452 3057 castris
1476 2991 1576 3061 ducis
1599 2991 1773 3063 Saxoniae
1793 2995 1902 3068 venit.
1963 2994 1999 3064 ls
2020 2991 2080 3065 hic
2103 2997 2262 3066 narravit

226 3100 440 3136 Μ
936 3098 1218 3128 Μ
1267 3082 1502 3186 εὐφημότερα
1517 3087 1574 3188 *),
1600 3118 1707 3186 quam
1730 3096 1850 3189 qualia
1871 3111 2039 3188 spargunt
2058 3098 2167 3167 vicini
2185 3097 2261 3168 ἐπι-

633 3185 804 3270 Et'dem.
1264 3188 1489 3286 χαιρεκακοί.
1542 3194 1646 3266 Tunc
1668 3197 1706 3265 in
1732 3199 1809 3289 ripa
1823 3193 1993 3268 Necchari
2015 3200 2262 3271 amoenissima

1266 3293 1335 3363 fuit
1356 3296 1527 3365 exercitus
1547 3298 1809 3369 foederatorum
1833 3325 1906 3368 non
1929 3302 2054 3392 procul
2069 3327 2090 3371 a
2107 3327 2183 3371 mea
2198 3327 2264 3393 pa-

289 3352 366 3419 {¹8¹
384 3351 545 3424 apographis
565 3348 843 3404 tumultuatos.
862 3346 986 3418 prob„
1008 3347 1055 3401 nbi
1074 3366 1102 3401 er
1123 3365 1219 3399 errore
1303 3396 1312 3412 ,
1572 3401 1581 3418 ·
1643 3401 1652 3418 ι
1724 3403 1732 3418 ¹
2153 3404 2162 3420 .

324 3421 437 3490 epistola
456 3419 615 3473 inscribitur
636 3421 759 3480 casparo
781 3418 944 3484 Crucigero,
970 3417 1037 3470 etin
1053 3415 1114 3470 cod.
1133 3417 1219 3497 hang.
1267 3409 1358 3480 il'ld,
1383 3421 1463 3465 cum
1478 3413 1626 3471 1111111Ιῦ8
1641 3415 1708 3471 rtet
1722 3425 1898 3491 ingressus
1916 3416 1978 3471 esi·
2011 3402 2118 3489 Quod
2134 3425 2163 3470 st
2179 3427 2264 3492 per·

325 3486 872 3609 tpdizpcfflffiw'nn’ffa‘ss'fflfessss‘f
896 3485 1060 3606 czmc‘fffl·
1082 3484 1219 3564 .5“Ῥ”ι
1267 3498 1373 3586 rexit,
1407 3499 1477 3567 iam
1499 3499 1674 3571 Moenum
1693 3501 1724 3575 F
1724 3503 1969 3572 rancoiordiae
1990 3504 2170 3570 traductus
2195 3518 2260 3574 est.

862 3572 917 3674 pa
992 3572 1218 3620 mersnum,per

326 3625 407 3679 altum
425 3622 556 3677 nunctum
571 3622 745 3687 mittendam,
772 3630 800 3672 ut
813 3620 834 3673 st
851 3631 932 3675 ater·
945 3622 1080 3692 periisset,
1098 3621 1163 3675 haec
1176 3629 1217 3673 ta.
1267 3594 1321 3667 Ac
1345 3603 1495 3671 nuntius
1518 3617 1610 3673 recta
1628 3603 1761 3673 Ducem
1777 3601 1950 3672 Saxouiae
1967 3602 2005 3668 in
2020 3596 2261 3690 'l’huringiam

326 3712 388 3747 ¹⁰²⁰
402 3691 435 3746 “¹
453 3690 643 3745 Cemenelum
659 3692 835 3761 9²¹¹‘“‘¹¹¹‘·
1268 3702 1397 3771 ducere
1415 3704 1604 3773 exereitum
1631 3705 1757 3775 aiebat.
1822 3702 1937 3772 Deum
1959 3716 2161 3786 aeternum,
2195 3728 2262 3793 pa·
2288 3779 2299 3789 ⁸

1269 3815 1359 3872 trem
1382 3804 1517 3872 domini
1538 3803 1651 3874 nostri
1675 3801 1702 3871 l.
1718 3800 1758 3874 C.
1780 3827 1863 3887 oro,
1888 3817 1928 3873 ut
1951 3829 2016 3873 nos
2040 3805 2206 3895 respiciat
2227 3819 2264 3875 et

1270 3903 1404 3994 mitiget
1426 3928 1574 3997 poenas,
1613 3929 1695 3977 cum
1720 3905 1931 3975 admirando
1952 3908 2094 3975 foedere
2115 3907 2264 3996 copula·
2286 3924 2291 3929 ·

1269 4019 1324 4076 tae
1339 3999 1399 4099 ”)
1423 4019 1568 4076 naturae
1585 4002 1761 4077 humanae
1777 4031 1858 4078 cum
1874 4007 1996 4076 divina
2013 4009 2050 4076 in
2066 4007 2140 4075 lilio
2156 4021 2263 4077 testa-

224 4082 269 4176 S.
295 4100 341 4174 D.
391 4098 553 4173 Omnino
580 4103 698 4172 fatalis
722 4114 773 4171 est
797 4126 911 4195 poena
935 4097 1020 4173 haec
1044 4127 1220 4201 γιγαντο-
1269 4122 1325 4177 tus
1350 4108 1415 4187 sit,
1449 4133 1530 4177 vere
1553 4110 1833 4200 nosasediligi.
1885 4106 2264 4180 Reducatetiamseli-

189 4260 194 4273 .
224 4199 363 4299 μαχία,
403 4228 443 4274 ac
475 4218 626 4274 caeteras
659 4227 779 4274 causas
812 4228 979 4296 quaerere
1006 4206 1218 4277 desinamus.
1268 4202 1447 4307 circem)
1464 4207 1668 4304 Principem
1683 4210 1883 4283 Electorem
1899 4224 1934 4280 ε1
1948 4212 2117 4302 reprimat
2133 4206 2264 4286 hostes.

225 4304 393 4378 Arbitror
416 4320 449 4377 et
468 4301 708 4376 Macedonem
732 4308 975 4397 desperatione
999 4308 1094 4397 pacis
1115 4306 1221 4378 insti-

226 4422 300 4479 tuta
315 4409 462 4478 consilia
479 4410 652 4492 omittere,
675 4409 878 4498 praesertim
894 4433 973 4479 cum
989 4409 1173 4502 utriusque
1188 4405 1219 4500 ²)
1304 4431 1331 4500 s)
1351 4450 1422 4487 suae
1435 4433 1509 4489 21„st
1524 4453 1538 4488 s
1553 4433 1615 4489 ...1,
1628 4432 1710 4500 cmg.

226 4505 361 4605 norw)
382 4505 605 4583 αὐθάδειαν,
639 4508 894 4600 confugiamus
910 4511 1017 4602 igitur
1031 4507 1062 4603 ⁴)
1080 4514 1124 4579 ad
1140 4535 1220 4579 coe-
1302 4519 1331 4584 6)
1351 4521 1428 4572 urds's
1442 4527 1521 4587 nese]
1536 4519 1597 4573 cod.
1611 4518 1690 4586 hang.
1705 4516 1781 4568 υοόἰε
1792 4525 1897 4569 vestra.
1914 4541 1950 4555 -
1967 4513 2103 4588 Loquitur
2115 4515 2148 4569 de
2162 4513 2267 4588 Lipsie.

225 4610 312 4681 leste
343 4610 536 4696 auxilium,
576 4637 616 4681 ac
642 4637 660 4680 a
686 4610 762 4683 Deo
789 4626 931 4682 aeterno
957 4625 1055 4704 patre
1082 4613 1221 4681 domini
1302 4604 1330 4671 ⁷)
1349 4603 1532 4662 ⁵·‘·²⁶'⁶⁸‘·
1552 4629 1585 4642 ·
1622 4600 1690 4655 ⁰⁰⁶·
1702 4600 1785 4672 &¹¹⁸-
1800 4600 1987 4655 soraborum.

226 4709 340 4784 nostri
364 4707 390 4779 Ι.
407 4707 448 4782 C.
470 4713 726 4803 mitigationem
747 4738 944 4806 poenarum
965 4726 1143 4805 petamus,
1175 4725 1221 4798 et,
1302 4690 1334 4840 ἓξ
1348 4687 1843 4842 ζῖῗζαζῑέἑ]ἶοὲἓ’ἶοιζὸ“ῒξαῗξῗ

226 4865 447 4884 ’'⁸’'-
1308 4860 1351 4926 10)
1372 4863 1482 4923 tamen]
1500 4857 1562 4911 cod.
1576 4855 1659 4910 Goth.
1674 4860 1734 4911 401.
1748 4866 1820 4912 tum·

260 4955 290 5027 *l
308 4956 472 5012 berceium.
1307 4947 1354 5010 11)
1372 4942 1440 4999 cod.
1457 4944 1610 5015 Lang.fi1r's'
1623 4944 1687 4999 Dei.

263 5046 289 5112 1)
305 5039 449 5112 Inscriptio
463 5035 492 5090 in
505 5034 567 5089 eod.
581 5033 665 5102 hug.
1310 5029 1352 5096 12)
1371 5028 1483 5082 πολλῶν
1497 5030 1598 5083 abacta
1611 5030 1674 5084 cod.
1688 5028 1772 5100 hang.

261 5127 291 5192 2)
307 5125 326 5182 i.
339 5143 363 5178 e.
378 5119 486 5178 loannis
498 5115 646 5180 Friderici,
665 5115 816 5187 Hectoris,
834 5128 861 5174 st
874 5119 1013 5186 Mamitii,
1033 5120 1131 5178 Ducis.
1307 5113 1338 5177 *l
1356 5112 1424 5168 coo.
1442 5114 1527 5169 Goth.
1543 5119 1618 5171 lot:
1637 5114 1835 5188 συφημότερα,
1855 5115 1996 5170 mendose.

262 5213 289 5284 01
311 5211 380 5270 cod.
394 5209 477 5279 Lug.
493 5213 588 5261 norat.
1148 5255 1150 5260 ,
1308 5198 1357 5265 **)
1376 5203 1523 5263 copulatae
1537 5201 1611 5254 abest
1625 5220 1640 5254 a
1653 5203 1715 5255 cod.
1730 5199 1812 5254 Goth.
1824 5199 1886 5253 401.

263 5299 291 5369 t)
309 5296 394 5364 igitur
406 5294 481 5347 abest
493 5312 508 5347 s
521 5288 584 5347 cod.
596 5287 683 5360 Lsng.
1309 5283 1379 5354 W)
1400 5284 1470 5340 Cod.
1484 5285 1567 5342 Goth.
1585 5287 1643 5342 191.
1654 5284 1741 5339 addite
1758 5285 1936 5339 mwlumem.

224 3844 449 3925 Clarissimo
466 3858 497 3920 ιλ
514 3843 723 3919 doctissimo
739 3846 817 3917 viro
832 3844 947 3923 Dom.
974 3843 1002 3918 Ι
1008 3872 1060 3917 oa
1071 3841 1219 3918 chs'mo

347 3941 642 4032 Cumas-orio,
669 3949 788 4020 amieo
802 3974 870 4019 suo
887 3944 1045 4020 chariss.
1055 3948 1094 4045 ¹).
