4748 6022
113 206 189 286 526
697 201 1135 280 EPISTOLARUM
1189 201 1300 284 utu.
1330 200 1378 282 X.
1430 203 1567 280 1547.
2070 203 2147 282 620

117 406 206 478 quae
220 381 363 462 divitias
375 392 560 452 auxerunt.
610 374 660 449 At
673 376 812 468 Regum
827 398 925 447 arma
940 376 1032 447 tueri
1047 376 1109 446 de·
1151 376 1298 447 vocabat
1309 368 1547 462 honorabiles,
1573 374 1908 447 eteousuetudinem
1922 373 2145 464 coniugalem

117 488 205 557 bent
222 507 323 553 veros
337 481 451 552 cultus
464 479 553 566 Dei,
574 474 721 550 honesta
740 479 913 567 coniugia,
932 478 1108 564 mulieres,
1152 502 1232 548 cum
1247 501 1356 547 uxore
1372 478 1516 570 propria
1533 478 1725 550 castitatem
1739 500 1812 547 esse
1825 475 1977 549 dicebat.

62 614 66 623 ·
119 602 155 658 et
171 608 298 677 parvos
313 605 464 674 pueros,
489 596 530 652 ut
544 582 642 652 iubet
656 606 723 651 vox
737 580 912 651 coelestis:
937 573 1108 649 Iudicate
1253 582 1514 649 Creteradesunt:
1549 598 1584 647 ut
1604 599 1744 668 appareat
1763 584 2043 649 iucboctemtbisse
2064 584 2144 647 bure

116 681 283 783 pupillo,
307 679 490 782 defendite
505 677 648 756 viduas.
1150 691 1362 770 scriptionem,
1390 710 1453 750 non
1468 691 1644 752 absolutam.

219 802 289 876 Sed
304 805 407 888 illud,
434 802 584 894 inquies,
611 802 650 869 in
665 800 902 869 controversia
919 798 993 867 est‘?
1017 796 1106 867 Pro·

117 902 245 977 hibent
261 906 427 996 antiquae
445 905 536 992 leges
551 914 604 971 tot
618 900 864 996 Synodorum,
888 914 942 971 tot
957 898 1107 973 Pontis·
1321 882 1369 978 B)
1397 883 1626 976 Scriptum
1659 905 1679 951 e
1705 879 1806 955 Cod.
1832 880 1972 954 Basil.

121 1033 202 1078 cum
216 1008 392 1095 coniugia.
442 1003 514 1073 Nec
535 1004 799 1073 concedendum
820 1016 889 1086 est,
914 1016 956 1072 ut
969 1002 1106 1093 privato
1218 998 1240 1063 ’t
1256 996 1294 1050 Ε*
1306 996 1461 1070 ⁸t⁰st²t>¹²⁶
1474 996 1503 1050 ¹¹²
1514 996 1578 1052 ωδ·
1591 995 1674 1052 ⁸²⁸³·
1687 996 1731 1051 ⁸⁹·
1753 1014 1779 1068 Ρ·
1793 997 1837 1051 ⁵⁷·

120 1109 254 1179 iudi⁰i⁰
274 1108 412 1176 labefiat
427 1106 544 1193 legum
557 1104 779 1195 puhlifflmm
794 1104 975 1223 “utf'flfflsf
1024 1100 1107 1172 N⁰¹¹
1155 1134 1408 1236 (Supplieolio
1422 1137 1603 1210 uxoribus
1616 1131 1885 1207 Ministrorum
1903 1132 2002 1207 verbi
2012 1131 2085 1212 div.
2100 1133 2141 1205 in

120 1211 344 1279 tolerandum
358 1218 410 1276 est
427 1206 623 1297 exemplum
638 1221 774 1297 spretae
788 1204 996 1278 Maiestatis.
1327 1238 1413 1311 urhe
1433 1236 1631 1334 Viteberga
1647 1237 1785 1333 wippa
1800 1265 1824 1308 a
1844 1233 1962 1328 Md.)

222 1324 361 1397 Scimus
391 1319 478 1393 haec
497 1334 618 1392 contra
640 1346 705 1391 nos
729 1321 768 1391 in
790 1324 947 1392 consiliis
968 1321 1108 1413 Regum

121 1427 356 1521 plausibiliter
377 1424 457 1496 dici.
508 1420 578 1493 Sed
602 1438 843 1518 aequumst,
876 1448 938 1493 vos
955 1424 1108 1493 vicissim

121 1529 243 1599 audire
258 1540 415 1596 nostram
433 1524 684 1598 defensionem.
733 1521 971 1614 Extsggerent,
995 1550 1109 1620 quan·

121 1644 198 1700 tum
221 1631 342 1697 volent
366 1627 483 1714 legum
518 1649 661 1695 suarum
683 1626 918 1698 autoritatem.
970 1626 1108 1696 Tamen

42 1742 46 1755 “
121 1726 207 1800 haec
229 1727 401 1798 sententia
422 1729 575 1796 tenenda
597 1740 665 1796 est:
698 1722 783 1795 Deo
797 1727 921 1821 magis
942 1722 1109 1797 obedien-

121 1826 207 1901 dum
223 1837 295 1911 est,
326 1851 438 1924 quam
454 1820 678 1897 hominibus.
728 1827 800 1897 Nec
823 1830 939 1916 legum
956 1829 1029 1898 vim
1043 1826 1110 1899 ha-

122 1935 227 2016 beut,
262 1933 419 2013 decreta,
450 1953 530 1997 cum
554 1929 727 2017 mandatis
750 1930 882 1999 divinis
905 1933 1110 2021 pugnantia,

122 2046 163 2104 ut
178 2032 321 2127 tyranni
334 2030 527 2123 Babylonii
544 2031 680 2114 edicto,
712 2031 868 2101 iubentis
882 2033 1022 2101 adorari
1039 2048 1109 2103 sta-

121 2149 240 2218 tuam,
266 2155 488 2225 nequaquam
509 2132 825 2221 obtemperandum
842 2133 920 2205 luit.
972 2131 1025 2203 Ita
1045 2158 1109 2204 nee

122 2235 273 2305 iniustae
296 2247 331 2303 et
353 2233 555 2326 tyrannicae
577 2232 646 2321 legi
668 2233 712 2301 de
733 2234 908 2303 coelibatu
926 2236 1109 2326 obtempe-

122 2338 275 2406 randum
290 2347 356 2419 est,
382 2334 421 2401 in
437 2357 506 2426 qua
520 2334 624 2403 multi
639 2334 762 2404 insunt
779 2358 927 2406 errores.

1203 1386 1352 1460 Etiamsi
1373 1390 1466 1479 leges
1487 1402 1627 1472 vetant,
1658 1388 1825 1457 mulieres
1847 1408 1986 1457 causam
2014 1385 2145 1469 dicere,

1154 1493 1285 1583 optime
1300 1493 1511 1582 imperator,
1543 1505 1662 1561 tamen
1687 1513 1767 1559 cum
1784 1512 1858 1557 non
1874 1502 1945 1558 tam
1960 1488 2004 1555 ad
2021 1485 2142 1555 dicen·
2160 1522 2163 1527 ,

1154 1596 1235 1662 dam
1251 1617 1408 1675 caenam,
1440 1616 1545 1684 quam
1567 1593 1609 1660 ad
1627 1592 1887 1678 deprecandum
1906 1589 2052 1659 exitium
2067 1608 2144 1652 ma·
2179 1608 2186 1619 ’

1154 1697 1306 1764 ritorum
1327 1719 1365 1764 ac
1381 1694 1577 1762 liberorum
1597 1709 1800 1762 nostrorum
1825 1686 1885 1759 hic
1907 1704 2027 1760 coetus
2040 1687 2083 1755 ad
2108 1700 2146 1757 te

1155 1795 1343 1887 prodierit,
1374 1795 1515 1864 veniam
1535 1794 1639 1862 nobis
1654 1794 1767 1866 dabis.
1817 1791 2032 1888 Quanquam
2047 1786 2145 1857 enim

1154 1911 1190 1967 et
1206 1898 1322 1988 pudor
1336 1910 1370 1968 et
1384 1908 1517 1978 metus,
1549 1896 1648 1964 serui
1663 1909 1786 1964 nostro
1806 1893 1989 1984 proprius,
2019 1880 2145 1981 prohi-

1153 1999 1285 2068 bebant
1301 2021 1385 2082 nos,
1418 1996 1621 2088 pracsertim
1638 1998 1680 2064 ad
1697 2007 1890 2079 armatum,
1918 1991 2057 2081 egredi,
2089 2001 2144 2057 ta-

1154 2122 1236 2167 men
1251 2099 1334 2169 vicit
1349 2099 1467 2168 omnia
1487 2098 1628 2166 vincula
1651 2097 1776 2167 caritas
1799 2096 1988 2184 coniugum
2004 2104 2038 2160 et
2054 2090 2148 2158 libe·-

1154 2224 1295 2283 rorum,
1330 2199 1474 2292 quaein
1500 2213 1626 2267 natura
1647 2199 1754 2267 insita
1776 2210 1909 2266 tantam
1933 2194 2004 2263 viru
2027 2187 2148 2274 habet,

1156 2315 1195 2371 ut
1218 2301 1317 2370 nullo
1334 2299 1492 2392 periculo
1514 2300 1772 2383 deterreamur,
1804 2321 1874 2390 quo
1897 2296 2017 2364 minus
2039 2314 2145 2383 opem

354 2465 363 2481 .
477 2464 486 2479 .
776 2464 785 2481 .
969 2465 979 2483 ,
1154 2403 1308 2471 feramus
1322 2403 1386 2482 iis,
1411 2424 1563 2494 quorum
1582 2401 1686 2469 nobis
1703 2400 1797 2469 salus
1810 2411 1930 2468 nostra
1945 2397 2017 2465 vita
2030 2392 2148 2479 carior

224 2464 380 2555 lmp⁰¹¹¹i
397 2477 617 2549 servstutem'
648 2489 737 2557 quae
757 2490 832 2536 ⁸¹⁰⁰
849 2479 998 2557 peccam
1014 2478 1111 2536 Μ’
1155 2516 1260 2595 atque
1276 2502 1456 2596 antiquior
1469 2514 1531 2574 est.
1581 2499 1689 2570 Hune
1705 2501 1881 2580 animum,
1904 2510 1945 2566 ut
1958 2497 2051 2585 leges
2065 2507 2148 2563 tuae
2213 2492 2242 2532 -’

122 2570 223 2688 cibus
238 2566 380 2684 [01θῖπί
394 2589 469 2633 ”⁰¹¹
483 2578 619 2683 immi)
652 2567 722 2684 Pisi
739 2568 919 2686 f⁰rt³?⁸⁸³
941 2569 1111 2659 P³U⁰i⁵⁸i‘
1155 2605 1319 2687 laudant,
1347 2618 1380 2674 et
1394 2603 1481 2687 tibi,
1511 2600 1654 2688 Caesar,
1684 2625 1749 2691 pro
1769 2599 1982 2692 praestantia
1998 2610 2150 2667 naturae

122 2694 201 2790 3⁸¹⁵·
252 2666 1110 2784 Dandifi¹i3¹t⁰⁰⁰¹⁰g¹⁰me⁸⁵⁰¹m¹¹¹¹¹⁰di⁶i²¹¹¹’
1157 2719 1189 2775 et
1211 2705 1369 2775 bonitate
1393 2703 1537 2795 probari
1560 2728 1634 2773 non
1658 2704 1873 2772 dubitamus.
1929 2697 2029 2787 Quid
2049 2697 2147 2767 enim

122 2774 160 2842 ¹d
184 2785 261 2888 ‘stt
285 2792 395 2858 genus
421 2784 531 2847 ‘mae’
560 2782 628 2886 ,Μ
649 2792 723 2888 ῃοῖι
744 2770 885 2860 placem
910 2771 1009 2888 ΠΨ
1051 2784 1112 2842 ³⁰¹
1157 2822 1217 2878 aut
1232 2802 1415 2875 honestius
1431 2818 1491 2875 aut
1511 2805 1726 2894 reipublicae
1747 2804 1872 2874 utilius
1887 2812 1958 2883 est,
1991 2822 2098 2893 quam
2112 2810 2150 2867 et

10 2974 16 2993 .
122 2874 286 2988 q⁰⁰dvix
302 2872 448 2988 i'hoeai‘
474 2863 587 2940 Λάδη
598 2872 764 2988 amplum?
787 2866 884 2942 hune
900 2873 1112 2942 ⁰⁰⁰¹¹b³¹¹¹¹¹¹
1157 2908 1323 2997 coniuges
1336 2928 1417 2995 erga
1431 2906 1577 2975 maritos
1593 2921 1628 2976 et
1641 2919 1768 2973 matres
1785 2908 1866 2992 ergit
1880 2902 2013 2970 liberos
2028 2900 2080 2969 sic
2093 2898 2151 2969 el*

122 2971 525 3092 ⁶i⁵ie¹¹m¹i¹¹¹i⁶⁰lmm
540 2968 625 3052 Μ’
652 2974 845 3064 etqmdem
862 2996 1113 3091 ³¹¹¹¹⁰¹⁰m‘‚'¹'‘
1156 3010 1264 3078 sectos
1286 3031 1377 3089 esse,
1410 3021 1448 3077 ut
1469 3007 1612 3075 illorum
1630 3004 1864 3073 salutemvita
1886 3024 1948 3070 sua
1971 3000 2150 3091 potiorem

122 3078 222 3190 dmff’
252 3084 293 3141 ut
312 3094 382 3187 ΨΜ.
397 3070 605 3187 liquuntur·
656 3072 773 3164 Atque
790 3074 987 3166 ‘mmmm
1006 3071 1113 3144 h¹¹¹¹¹³
1157 3108 1312 3180 ducant?
1345 3107 1504 3177 Tametsi
1519 3107 1622 3176 nobis
1637 3105 1723 3195 ipsis
1737 3127 1812 3172 non
1827 3103 1941 3172 solum
1959 3100 2097 3171 maritis
2111 3111 2149 3170 et

123 3176 211 3263 ΠΨ
226 3170 603 3295 mih¹pl¹⁰¹ter·n⁰⁰.⁰i'
628 3173 971 3292 ⁰⁰¹¹fi⁹m³f⁰³⁶¹⁰m⁸
986 3175 1113 3247 33⁸²&
1157 3210 1279 3281 liberis
1293 3203 1424 3279 nostris
1438 3221 1498 3278 tua
1512 3232 1607 3278 arma
1617 3208 1812 3290 minantur,
1831 3204 1891 3274 sed
1905 3203 2010 3273 nobis
2026 3213 2148 3272 nostra

122 3274 334 3392 &iwm‘af’
349 3284 402 3390 ‚ut
417 3285 638 3366 iymnmcam
653 3297 915 3365 p⁹r⁸⁰³⁸¹⁰¹¹⁰¹¹¹
932 3275 971 3345 in
987 3274 1113 3347 pmii·
1157 3313 1230 3382 vita
1243 3305 1335 3379 nihil
1353 3332 1443 3400 opus
1459 3322 1510 3380 est
1521 3308 1657 3378 amissis
1672 3306 1808 3376 maritis
1825 3329 1865 3375 ac
1878 3304 2013 3373 liberis.
2061 3301 2152 3373 ldeo

123 3375 266 3458 ficibus,
298 3398 359 3466 qur
382 3387 527 3465 propter
548 3368 615 3444 hoc
637 3375 835 3465 exemplum
857 3389 983 3467 putant
998 3399 1035 3446 se
1057 3377 1113 3445 ins
1158 3428 1211 3493 te,
1243 3408 1389 3490 Caesar,
1422 3433 1486 3501 per
1508 3424 1609 3481 tuum
1636 3409 1851 3492 bonitatem,
1894 3427 1957 3494 W
1979 3427 2151 3489 amorem,

124 3471 255 3547 babere
278 3475 455 3543 condendi
475 3476 568 3564 leges
588 3499 652 3546 suo
670 3477 831 3546 arbitrio.
880 3475 957 3547 Hos
977 3501 1113 3548 errores
1157 3538 1231 3609 quo
1245 3526 1279 3583 et
1297 3511 1483 3601 coniugem
1502 3526 1536 3580 et
1551 3512 1681 3580 libem,
1697 3506 1957 3599 complecteris,
1978 3518 2150 3597 perquam

123 3576 162 3646 in
178 3572 335 3692 Ecclesia
351 3574 504 3691 refutare
522 3600 662 3645 necesse
679 3586 749 3662 est,
773 3591 812 3647 ut
826 3579 899 3647 veri
918 3579 1034 3649 cultus
1045 3577 1113 3649 Dei
1157 3616 1263 3684 fidem
1311 3635 1380 3705 qua
1396 3614 1622 3682 domesticam
1641 3613 1746 3678 fidem
1767 3609 1956 3696 coniugum
1979 3609 2151 3677 tuendam

124 3689 242 3749 extent
258 3677 443 3757 rllustratr,
468 3688 503 3746 et
516 3678 740 3748 conscientiis
754 3678 824 3770 piis
839 3679 1054 3753 consulatur.
1158 3739 1232 3787 me
1248 3667 1377 3798 52¹¹pr
1399 3737 1560 3793 oramus,
1579 3725 1620 3782 ut
1633 3735 1699 3780 nos
1715 3711 1905 3780 dementer
1921 3708 2065 3792 audias,
2085 3709 2152 3775 de·

223 3805 347 3902 ltaque
361 3821 404 3880 ut
416 3809 625 3881 adcaussam
641 3810 788 3901 propius
803 3812 1020 3897 accedamus,
1039 3810 1114 3905 pri-
1158 3827 1341 3909 precantes
1361 3837 1427 3906 pro
1445 3814 1558 3884 salute
1572 3814 1781 3882 maritorum
1804 3835 1845 3879 ac
1866 3811 2061 3879 liberorum
2081 3831 2151 3877 no-

124 3934 221 3981 mum
237 3911 462 3981 ostendemus
477 3911 683 4000 coniugium
698 3936 772 3980 non
788 3936 1039 4003 pugnarecum
1054 3938 1115 3983 or·
1158 3931 1334 3999 strorum,
1367 3915 1521 4007 denique
1537 3939 1601 4006 pro
1619 3926 1737 3982 nostra
1753 3913 1870 3980 etiam.
1919 3906 2064 3981 Ereituit
2084 3910 2151 3977 bo-

124 4012 222 4090 dine‚
246 4006 316 4081 hoc
334 4023 397 4094 est,
423 4010 529 4081 licere
543 4012 802 4095 sacerdotibus,
824 4015 969 4085 delectis
985 4017 1030 4085 ad
1046 4016 1115 4085 mi·
1158 4019 1268 4104 nitas,
1294 4011 1515 4116 [quaJ'antea
1532 4011 1644 4098 hosti,
1669 4012 1733 4105 qui
1748 4036 1844 4082 arma
1861 4023 2011 4100 gesserat
2025 4022 2151 4080 contra

124 4110 311 4182 nisterium
340 4107 526 4201 Evangelii
559 4125 592 4180 et
615 4109 944 4200 sacramentorum,
983 4114 1114 4187 habere
1158 4135 1194 4192 te
1208 4133 1242 4190 et
1258 4119 1464 4206 dignitatem
1479 4130 1596 4197 tuam,
1627 4114 1830 4209 pepercisti.
1877 4110 1972 4181 Huic
1988 4110 2152 4181 tuaebo-
2251 4106 2255 4114 ’

103 4211 305 4298 coniuges.
353 4208 394 4280 ld
410 4226 559 4285 testatur
571 4210 725 4297 Paulus,
749 4213 811 4305 qui
828 4214 866 4280 in
884 4216 1022 4286 duabus
1039 4219 1115 4307 epi·
1159 4219 1263 4290 nitati
1281 4217 1428 4285 minime
1443 4216 1628 4299 convenit,
1650 4216 1830 4287 duriorem
1845 4226 1880 4283 te
1895 4236 1970 4281 esse
1982 4213 2153 4281 adversus

123 4312 223 4385 stolis
240 4311 337 4381 iubet
359 4315 508 4383 maritos⁴
526 4313 608 4402 eligi
634 4315 678 4383 ad
699 4336 832 4383 munus
850 4310 1036 4408 Episcopi:
1066 4313 1116 4385 Et
1160 4321 1311 4388 inermes
1328 4317 1502 4409 supplices
1522 4316 1708 4400 mulieres,
1731 4336 1858 4407 parvos
1873 4335 2021 4403 pueros,
2044 4310 2150 4381 deni-

126 4427 262 4485 eonstat
276 4412 313 4479 in
330 4424 400 4481 tota
416 4416 526 4483 veteri
539 4412 697 4485 Ecclesia
718 4413 839 4483 multis
854 4417 982 4486 seculis
1002 4441 1114 4486 sacer-
1160 4444 1229 4514 que
1244 4419 1412 4487 adversus
1426 4422 1509 4505 eos,
1539 4413 1603 4512 'qui
1626 4441 1808 4510 nunquam
1830 4414 1903 4483 ulla
1918 4414 1956 4482 in
1973 4436 2014 4482 re
2030 4412 2154 4502 digni·

125 4518 226 4585 dotes
246 4514 354 4584 luisse
378 4514 545 4599 maritos,
574 4540 614 4585 ae
630 4530 780 4586 veterem
804 4540 936 4586 morem
962 4516 1116 4587 Graecas
1160 4535 1267 4592 tatem
1299 4534 1395 4591 tuam
1419 4532 1687 4612 oppugnarunt,
1728 4539 1912 4608 nunquam
1936 4514 2154 4605 reipublicae

124 4610 426 4687 Ecclesiasadlsuc
435 4616 597 4688 retinere.
624 4616 736 4687 Porro
745 4630 785 4687 ut
795 4630 918 4688 natura
927 4614 1115 4689 hominum
1159 4621 1452 4714 tranquillitatem
1484 4622 1759 4713 perturbarunt,
1791 4617 1881 4697 imo,
1914 4615 1978 4708 qui
2000 4613 2154 4687 assiduis

125 4716 294 4809 proclivis
309 4731 361 4786 est
376 4719 419 4787 ad
436 4718 736 4808 superstitionem:
764 4717 874 4808 Saepe
892 4721 997 4790 etiam
1013 4733 1116 4790 vetu-
1160 4724 1323 4816 precibus
1341 4748 1359 4791 a
1375 4723 1456 4793 Deo
1480 4736 1515 4792 et
1532 4720 1812 4790 incolumitatem
1837 4743 1876 4787 ac
1892 4716 2094 4787 felicitatem
2115 4728 2153 4787 et

124 4818 187 4889 stis
202 4817 274 4887 illis
297 4820 515 4910 temporibus
537 4820 650 4889 exorti
673 4835 756 4890 sunt
778 4821 923 4892 fanatici
943 4817 1115 4904 homines,
1162 4826 1379 4916 reipublicae
1400 4848 1521 4914 pacem
1541 4835 1744 4913 exposcunt.
1797 4817 1998 4889 Hortentur
2016 4831 2052 4889 te
2069 4816 2156 4911 qui·

123 4920 185 5013 qui
200 4918 363 5010 coniugia
380 4924 601 4992 sacerdotum
620 4920 876 5011 improbarunt.
910 4920 952 4991 ln
969 4921 1114 5017 Synodo
1160 4928 1240 5007 dem
1257 4923 1418 4994 homines
1433 4925 1592 4994 crudeles
1607 4937 1640 4993 et
1662 4921 1779 5014 impii,
1813 4935 1854 4991 ut
1870 4934 2010 4990 nostros
2025 4917 2156 4989 tonitr·

121 5018 275 5091 Nicaeua
300 5036 419 5106 erant,
456 5022 519 5116 qui
542 5022 710 5092 volebant
734 5024 912 5091 decretum
935 5023 1033 5107 fieri,
1070 5050 1116 5095 ne
1160 5050 1237 5117 ges,
1269 5049 1335 5093 nos
1355 5050 1393 5094 ac
1412 5025 1543 5094 liberos
1561 5039 1719 5109 nostros,
1750 5023 1813 5116 qui
1833 5017 2004 5092 hactenus
2024 5042 2156 5111 magno

121 5121 905 5195 maritisacerdotesuterenturconsuetudine
914 5127 1117 5216 coniugum,
1160 5153 1226 5197 suo
1249 5127 1406 5217 periculo
1431 5126 1535 5195 nobis
1558 5122 1750 5218 hospitium
1767 5125 2026 5215 praebuerunt,
2059 5123 2157 5193 ferro

121 5224 182 5292 sed
199 5223 353 5309 graviter
367 5225 566 5317 repudiavit
584 5221 651 5296 hoc
665 5224 831 5294 delirium
840 5222 1027 5320 Synodus,
1052 5229 1114 5297 ad·
1161 5243 1266 5321 atque
1283 5229 1391 5298 armis
1406 5227 1535 5298 deleas.
1585 5226 1684 5316 Quid
1705 5239 1821 5296 autem
1838 5224 2022 5313 indignius
2035 5222 2158 5307 luerit,

119 5323 255 5395 monita
279 5348 299 5393 a
323 5324 382 5416 pio
405 5327 603 5397 confessore
627 5320 851 5419 Paphnutio,
887 5328 950 5421 qui
973 5329 1117 5421 nuptias
1163 5328 1312 5411 Caesar,
1343 5342 1404 5400 tua
1419 5330 1599 5416 bonitate,
1628 5352 1734 5423 qoam
1751 5326 1954 5397 ministrum
1970 5322 2160 5397 tealiene
