4734 6000
276 179 352 253 res
848 150 1287 237 crtsrouanuu
1335 153 1535 239 murt
1585 149 1721 238 taes
1775 244 1781 259 ,

286 348 440 443 Propter
455 365 586 417 nomen
599 359 730 421 meum,
754 329 891 422 inquit,
916 328 1107 427 removebo
1120 326 1277 399 lotorem
1326 343 1431 426 teque
1444 357 1528 418 oro,
1550 344 1592 403 ut
1609 331 1656 400 ad
1669 351 1727 400 me
1740 327 1921 400 interdum
1937 325 2084 400 scribas.
2121 320 2317 400 Consilium
2347 317 2349 320 ’

284 475 420 524 meum:
446 456 590 537 propter
613 462 691 523 me,
719 445 942 527 propterme
966 430 1109 512 faciam,
1134 454 1278 499 nemea
1328 435 1372 503 de
1392 427 1525 505 Fastis
1557 425 1762 502 scribendis
1791 428 1940 521 optarim
1974 443 2011 500 te
2043 450 2124 498 non
2162 424 2318 525 abiicere:

285 553 396 645 gloria
412 538 640 635 blasphemiis
655 540 838 607 obruatur.
889 532 992 602 Hanc
1007 531 1277 623 promissionem
1328 557 1411 603 nam
1430 549 1465 604 et
1476 532 1653 605 Ecclesiae
1671 530 1756 618 Dei,
1781 544 1816 602 et
1833 527 2046 601 Germaniae
2061 528 2278 614 universae,
2295 550 2319 604 a

287 668 321 722 et
335 646 468 719 similes
488 642 674 732 inligamus
696 635 843 720 animis,
875 657 1002 727 easque
1024 634 1070 703 ad
1095 655 1161 701 nos
1184 633 1279 724 ipsos
1328 635 1414 721 tibi3
1436 659 1565 724 magno
1579 647 1790 705 ornamento
1807 631 1875 703 erit
1887 631 1923 701 id
1942 654 2047 725 opus3
2078 654 2119 700 ac
2143 629 2178 698 si
2202 654 2320 721 perget¹

285 750 461 844 pertinere
482 744 632 814 sciamus
653 740 843 828 tantisper,
868 738 980 805 donec
995 733 1064 825 ipsi
1083 731 1198 802 studia
1220 757 1279 802 ee-
1328 736 1492 809 anostris
1505 736 1625 806 amieis
1639 750 1737 808 ortus
1751 748 1787 806 et
1801 754 1945 804 occasus
1964 732 2130 801 siderum
2152 731 2321 819 flagitabo,

286 875 348 921 rae
363 846 543 917 doetrinae
556 842 708 911 modesti
732 837 900 920 colimus,
924 848 960 904 et
979 857 1062 903 vera
1085 833 1280 905 invocatio-
1431 866 1488 940 Eo
1508 881 1625 937 autem
1646 869 1814 938 libentius
1839 861 2008 936 inchoato
2031 864 2138 957 operi
2164 864 2322 937 immor&

287 977 351 1037 Μ’
376 945 671 1064 191ῑῆ8θωίῑὶιῖΰὸ
686 940 859 1032 Petimm’
883 949 922 1005 ⁰¹
937 934 1051 1004 ”⁰⁵²5
1061 946 1182 1054 ,αἴρω
1196 958 1294 1026 Pm‘
1329 969 1442 1055 beris,
1468 967 1551 1062 quia
1567 963 1635 1039 hoc
1649 968 1804 1038 triennio
1820 991 1941 1036 rerum
1957 967 2184 1036 mutationes
2199 966 2323 1038 videbis

287 1067 368 1146 Pter
392 1051 542 1139 8¹⁰¹¹³m
562 1046 631 1117 ΒΗ
650 1050 843 1156 {ervenium
894 1034 1038 1106 Mecum
1060 1048 1169 1125 ¹3¹⁰*
1193 1059 1280 1152 ⁰⁰¹?
1331 1071 1455 1161 dignas
1486 1068 1821 1138 commemoratione
1853 1069 1891 1136 iu
1926 1065 2054 1138 Fastis.
2115 1065 2208 1138 Erit
2241 1071 2323 1138 enim

290 1152 421 1224 iunctis
438 1149 530 1218 votis
545 1142 676 1230 singula
691 1152 788 1255 orate
803 1137 932 1217 Deum,
957 1160 1003 1205 ue
1017 1137 1132 1208 lucem
1147 1138 1281 1206 doctri·
1330 1195 1450 1241 mense
1482 1171 1643 1261 proximo
1658 1196 1664 1205 .
1672 1192 1878 1259 congressus
1899 1167 2045 1239 saturni
2073 1184 2110 1240 et
2135 1167 2275 1239 Manis
2295 1171 2324 1238 in

289 1279 358 1324 nae
373 1254 543 1321 internos
558 1241 731 1359 exstingui
745 1249 848 1355 sanat.
899 1236 1049 1355 Propter
1061 1252 1116 1356 te,
1140 1250 1282 1355 aeterne
1330 1267 1563 1362 Aegocemte’
1597 1271 1658 1364 qui
1681 1295 1722 1339 eo
1745 1271 1839 1340 inm
1859 1271 2117 1341 siderardams
2134 1283 2217 1356 est,
2255 1294 2327 1361 qun

289 1354 406 1434 Demi
429 1347 533 1417 Pales
549 1343 695 1413 D⁰¹¹¹¹¹¹¹
717 1353 831 1409 ”⁰⁸¹⁸
849 1333 1093 1421 1⁸⁸¹¹Chr¹⁸¹¹’
1119 1341 1283 1408 “mmm
1330 1366 1645 1462 Gigantomachiae
1666 1370 1742 1441 Pan
1764 1371 1878 1462 specie
1900 1367 2122 1460 Aegocerotis
2145 1371 2328 1455 interfuit,

2165 230 2168 235 ,
2259 149 2319 229 781

290 1449 439 1525 humaui
455 1445 594 1536 generis
608 1441 829 1511 etEcclesiac
845 1453 946 1523 tuae,
977 1439 1057 1507 sous
1082 1439 1283 1528 sapientiae,

290 1564 435 1645 propter
448 1563 544 1616 trram
560 1544 708 1632 gloriam
728 1555 865 1621 servato
882 1552 1000 1609 coetus
1020 1540 1223 1608 docentium
1249 1551 1282 1606 et

292 1651 504 1724 discentium
533 1648 572 1713 in
599 1639 666 1713 hoc
692 1641 842 1733 oppido!
897 1639 956 1708 Tu
980 1642 1139 1729 guberna
1166 1638 1281 1708 studia

290 1768 430 1833 nostra,
456 1763 495 1818 ut
511 1761 544 1817 te
558 1768 639 1813 vere
663 1741 859 1812 celebrent!
914 1739 972 1809 Tu
995 1741 1127 1809 semina
1151 1740 1283 1809 doctri-

292 1879 375 1936 nae,
401 1873 490 1943 quae
507 1848 580 1937 ipse
595 1843 751 1934 sparsisti
769 1855 803 1910 et
817 1840 990 1925 excitasti,
1022 1839 1158 1909 foveto!
1213 1837 1284 1909 Ac-

292 1956 419 2023 cedant
441 1961 555 2017 antem
578 1947 622 2013 ad
647 1941 737 2012 hanc
763 1941 1001 2033 precationem
1027 1941 1207 2029 diligentia
1228 1964 1284 2009 re·

291 2055 487 2143 gendornm
503 2068 643 2114 morum
660 2058 695 2113 et
710 2041 868 2110 discendi
884 2064 977 2114 cura.
1029 2041 1168 2112 Laudat
1190 2040 1313 2129 euim!
1518 2109 1526 2125 ⁸
1671 2109 1719 2125 ..
1808 2109 1855 2124 Η

1333 2103 1424 2176 mrlu
1437 2109 1628 2197 significes,
1654 2110 1721 2180 tabe
1738 2103 1912 2178 exhibitos
1929 2131 2014 2182 esse.

291 2153 389 2225 Deus
405 2175 478 2218 non
496 2148 662 2233 ignavum
679 2166 839 2224 servum,
865 2143 925 2209 sed
943 2143 1194 2231 negociantem,
1220 2164 1285 2208 nec

291 2257 436 2344 ignavas
454 2270 569 2340 preces
586 2245 748 2326 exaudit,
774 2243 832 2310 sed
858 2266 979 2311 eorum
1005 2257 1105 2327 vota,
1138 2241 1200 2333 qui
1222 2265 1284 2311 suo

292 2355 410 2425 studio
427 2349 635 2428 ostendunt,
661 2366 794 2413 severe
810 2358 971 2433 appetere
992 2367 1029 2410 ea
1056 2345 1169 2426 bona,
1195 2367 1285 2436 qno-

292 2479 373 2524 rum
400 2451 617 2518 mentionem
640 2445 786 2515 faciunt.
838 2439 1168 2516 ,Etrecteclictum
1194 2457 1285 2511 esta
1348 2458 1357 2471 ⁸

292 2549 464 2625 Basilio:
487 2540 623 2639 ’μόνον
642 2541 824 2635 θέλησον,
856 2540 919 2612 καὶ
942 2539 1029 2623 Θεὸς
1053 2546 1285 2637 προαπαντᾶ.

292 2653 384 2725 Cum
401 2665 518 2721 autem
535 2658 680 2737 propter
693 2645 852 2712 examina
867 2644 954 2713 utile
970 2645 1035 2728 sit,
1061 2646 1191 2712 servari
1209 2670 1286 2714 mo-

295 2779 370 2826 rem
395 2749 698 2820 decernendorum
722 2746 915 2830 graduum,
944 2745 1029 2813 duxi
1052 2741 1287 2814 Auditoribus

294 2853 426 2926 nostris
452 2850 671 2919 voluntatem
702 2841 852 2931 Collegii
879 2844 993 2913 nostri
1022 2845 1286 2932 significandam

297 2978 387 3035 esse,
413 2973 479 3019 nos
495 2944 653 3017 honestis
669 2958 703 3013 ct
721 2944 882 3012 doctrina
905 2946 1131 3015 mediocriter
1152 2946 1287 3015 iustru-

296 3056 378 3137 ctis,
403 3048 564 3140 petituris
580 3042 648 3115 hoe
664 3058 822 3134 tempore
839 3045 986 3133 gradum
996 3043 1288 3136 MagisteriiPhi-

296 3148 488 3244 losophici,
531 3146 820 3216 non'deiuturos
850 3169 934 3214 esse.
997 3145 1150 3216 Nomina
1180 3148 1289 3235 igitur

167 3342 176 3359 ἢ
297 3258 380 3324 deut
397 3250 539 3321 Decano
561 3244 628 3316 hoc
644 3247 772 3316 triduo.
824 3242 932 3315 Anno
952 3244 1060 3320 1548.

1154 3624 1208 3687 15.
1224 3618 1289 3685 lou.

1151 3712 1287 3737 Nm

649 3809 713 3888 10.
740 3805 941 3919 Stigeiio.

370 3981 459 4033 Daue.
473 3997 535 4050 epp.
547 3979 580 4032 'ad
595 3979 688 4051 Stigel.
701 4000 744 4053 ep.
758 3981 801 4040 80.
840 3981 910 4035 Cod.
923 3978 1006 4037 Goth.
1027 3982 1085 4037 188.
1106 4002 1148 4054 ep
1161 3985 1204 4042 88.

301 4105 527 4185 Clarissimo
548 4113 635 4195 ciro,
662 4109 863 4183 eruditione
881 4123 913 4182 et
933 4112 1061 4184 virtute
1074 4119 1293 4211 praestanti,

300 4214 355 4289 D.
377 4210 557 4284 Ioanni
580 4212 610 4284 S
620 4214 657 4283 ti
660 4212 739 4309 gel
746 4215 761 4283 i
767 4240 806 4299 o,
830 4240 975 4284 summa
989 4214 1131 4310 ingenii
1144 4215 1293 4313 elegan-

354 4317 408 4385 tia
425 4312 613 4410 praedito,
639 4315 758 4385 arctico
776 4340 844 4387 sao
866 4310 1106 4405 charissimo,
1132 4315 1172 4390 S.
1188 4318 1243 4391 D.

303 4430 561 4519 Admiratione
577 4447 710 4536 ingenii
728 4448 797 4531 tui,
823 4449 1094 4540 quodomnium
1112 4451 1217 4521 etiam
1233 4478 1294 4522 ve-

302 4563 417 4617 terum
433 4547 642 4618 Latinorum
659 4547 846 4618 Poetarum
863 4549 1014 4637 ingeniis
1037 4554 1193 4620 antefero
1219 4555 1295 4644 pri-

302 4671 403 4717 mum
430 4649 588 4718 accendit
610 4672 767 4717 amorem
793 4672 872 4738 erga
900 4663 934 4719 te
959 4675 1095 4736 meum;
1121 4667 1242 4743 postea
1261 4669 1295 4725 et

303 4749 417 4818 virtus
441 4759 501 4816 tua
527 4748 634 4833 aluit,
672 4774 777 4843 quam
803 4751 842 4819 iu
868 4751 967 4820 omni
993 4773 1119 4839 genere
1145 4759 1296 4845 cognovi

304 4847 470 4916 eximiam
504 4869 587 4920 esse.
639 4846 679 4919 ld
712 4875 831 4919 meum
862 4854 906 4922 de
940 4864 973 4921 te
1008 4853 1180 4923 iudicium
1214 4881 1294 4925 cum

303 4972 379 5017 non
404 4960 556 5030 mutem,
581 4972 736 5018 amorem
763 4953 866 5021 etiam
894 4943 1104 5044 perpetuum
1129 4956 1205 5024 sore
1221 4983 1294 5028 non

305 5049 456 5120 dubites.
507 5044 584 5116 Etsi
602 5062 718 5117 autem
743 5054 1033 5123 consuetudinem
1057 5070 1213 5126 nostram
1238 5084 1296 5127 ca-

304 5149 444 5217 lamitas
462 5147 603 5237 publica
618 5148 825 5242 interrupit,
857 5169 976 5224 tamen
998 5179 1061 5249 per
1083 5158 1201 5228 literas
1222 5161 1295 5229 col-

241 5304 246 5312 .
306 5248 406 5341 loqui
431 5271 635 5337 possumus,
659 5251 771 5320 donec
794 5253 832 5321 io
857 5248 912 5324 his
932 5257 1020 5326 locis
1040 5262 1295 5345 commorabor,

1332 1486 1366 1543 et
1380 1469 1448 1546 τὸν
1467 1475 1633 1567 Τυφῶνα
1649 1473 1715 1542 reti
1730 1472 1833 1562 cepit.
1881 1469 1979 1541 Haec
1998 1471 2120 1556 brevi,
2143 1488 2187 1543 ut
2209 1495 2329 1564 spero,

1332 1599 1462 1644 coram.

1435 1703 1539 1775 Nunc
1565 1706 1671 1790 scito,
1710 1729 1768 1785 me
1796 1705 1934 1775 dedisse
1962 1697 2151 1775 Conrado
2174 1696 2326 1772 Notario

1333 1801 1566 1876 loachimicos
1586 1810 1675 1879 duos
1696 1820 1731 1877 et
1747 1806 1893 1895 viginti,
1928 1831 2018 1899 quos
2035 1801 2259 1874 Academiae
2273 1829 2324 1870 no-

1334 1907 1430 1976 mine
1447 1908 1514 1976 tibi
1528 1903 1748 1976 exhibiturus
1764 1919 1824 1975 est.
1875 1904 1952 1976 Etsi
1970 1922 2093 1977 autem
2113 1906 2162 1972 de
2171 1893 2325 1972 Conradi

1333 2007 1402 2076 fide
1418 2031 1492 2076 non
1507 2009 1650 2092 dtrbito,
1676 1996 1795 2076 tamen
1818 2032 1898 2075 cum
1920 2007 2122 2098 acceperis,
2150 2020 2323 2096 quaesout

1436 2238 1533 2310 Bene
1550 2241 1628 2310 vale
1646 2255 1680 2312 et
1694 2242 1857 2325 rescribe,
1880 2242 1938 2310 die
1956 2238 2125 2310 Ianuarii
2145 2235 2208 2311 15.
2232 2233 2325 2309 Anno

1338 2337 1448 2410 1548.

1841 2438 2034 2534 Philippus
2055 2432 2287 2513 Metanrbon.

1349 2868 1417 2936 No.
1435 2866 1547 2938 4127.

1343 2963 1555 3000 ow

1717 3059 1955 3148 Studiosis.

1407 3243 1512 3312 scapo
1527 3241 1604 3314 potr.
1618 3242 1742 3298 wicus.
1761 3243 1782 3299 t.
1803 3263 1830 3316 p.
1844 3244 1905 3300 coo.

1377 3394 1637 3496 Philippus
1663 3395 1948 3473 Melanthea
1976 3399 2055 3496 (ad
2077 3397 2300 3500 studiosos).

1341 3534 1445 3620 Sicut
1461 3552 1677 3620 consuetudo
1693 3552 1779 3634 luit,
1801 3554 1924 3643 partiri
1940 3549 2010 3632 τὰς
2024 3545 2268 3644 ἑβδομάδας,
2292 3554 2329 3623 ita

1342 3653 1506 3741 deinceps
1530 3651 1680 3719 biduum
1705 3653 1859 3721 tribuam
1884 3653 2098 3745 repetitioni
2123 3649 2328 3723 Dialectices

1343 3767 1377 3822 ct
1400 3753 1523 3820 libello
1548 3752 1685 3839 vulgari
1707 3751 1866 3831 Horatii
1886 3757 1929 3823 de
1951 3755 2046 3825 Arte
2067 3753 2234 3840 Poetica,
2260 3757 2331 3849 quia

1342 3875 1546 3923 comumnes
1560 3855 1728 3942 quasdam
1743 3855 1880 3942 regulas
1898 3857 2082 3939 continet,
2112 3880 2202 3947 quae
2216 3871 2331 3926 utcum-

1342 3978 1410 4047 que
1428 3953 1748 4022 commonefaciunt
1762 3956 1932 4024 discentes
1948 3969 1981 4025 et
1996 3956 2205 4028 scribentes
2226 3961 2266 4026 de
2284 3983 2331 4025 or-

1342 4055 1426 4123 dine
1446 4067 1477 4121 et
1496 4052 1699 4121 discrimine
1714 4079 1943 4144 personarum
1964 4072 1999 4127 et
2020 4052 2188 4127 aliarum
2204 4059 2331 4128 circum-

1343 4155 1551 4224 stantiarum
1570 4158 1761 4228 servandis.
1813 4155 1978 4226 Proximo
1997 4159 2121 4246 igitur
2146 4159 2208 4227 die
2221 4158 2333 4242 Lunae,

1343 4257 1419 4327 Deo
1449 4255 1610 4336 irretente,
1648 4255 1814 4346 incipiam
1844 4259 2103 4347 repetitionem
2132 4258 2333 4332 Dialecticcs

1343 4355 1391 4426 Et
1413 4357 1533 4424 eadem
1558 4350 1664 4440 hora,
1703 4373 1744 4427 ut
1771 4358 1981 4429 eruditiores
2009 4361 2173 4453 aliquod
2205 4357 2335 4429 habeant

1345 4458 1551 4538 exercitum,
1594 4457 1783 4547 adiungam
1821 4460 2169 4550 interpretationem
2205 4457 2336 4554 Organi

1346 4557 1481 4628 Graece
1504 4557 1641 4645 scripti,
1675 4561 1737 4628 ubi
1760 4562 1931 4630 videbunt
1954 4561 2152 4648 Studiosi,
2188 4587 2262 4632 nou
2280 4566 2337 4655 spi·

1345 4682 1467 4729 nosam
1483 4683 1555 4727 esse
1569 4654 1779 4728 Aristotelis
1793 4660 2029 4744 Dialecticeu,
2060 4689 2152 4734 cum
2176 4682 2337 4735 atrctoren

1345 4761 1460 4851 ipsum
1476 4760 1609 4847 legent3
1637 4765 1695 4831 sed
1714 4764 1831 4851 spinas
1843 4764 1959 4851 longis
1972 4778 2009 4834 et
2036 4765 2229 4836 intricatis
2251 4791 2337 4859 expo

1345 4860 1534 4932 sitionibus
1548 4861 1692 4931 aliunde
1708 4864 1854 4933 iniectas
1871 4887 1953 4936 esse.
2006 4861 2097 4935 Erit
2116 4868 2233 4958 igitur
2248 4869 2337 4937 imec-

1346 4961 1494 5053 pretatio
1516 4961 1663 5051 simplex
1687 4978 1722 5034 et
1742 4966 1858 5056 plana.
1918 4964 2138 5056 Proprietas
2165 4971 2337 5040 verborum

1346 5086 1446 5154 saepe
1480 5063 1700 5134 occasionem
1734 5070 1878 5158 praebet
1908 5066 2109 5159 interpreti
2144 5072 2289 5141 dicendi
2307 5073 2339 5139 dc

1346 5166 1465 5256 aliquo
1482 5164 1671 5251 vocabulo,
1696 5170 1790 5260 quod
1818 5191 1981 5259 maguam
2007 5171 2134 5241 lucem
2159 5175 2272 5245 textui
2292 5175 2339 5241 ad-

1347 5267 1423 5338 lert.
