4734 6000
271 137 321 217 97
859 128 1294 209 EPISTOLARUM
1346 130 1454 209 LIB.
1484 130 1530 208 X.
1586 125 1722 207 1546.
2255 139 2306 211 28

376 303 431 378 De
444 298 637 377 Dichsetio
660 302 782 373 scribit
796 295 1057 397 Hieronymus.
1107 299 1268 370 Demise-
1314 327 1393 374 mus
1416 304 1465 374 sic
1488 304 1671 374 abundare
1695 299 1732 370 in
1756 314 1790 371 te
1811 301 2068 373 consolationes
2084 316 2120 375 et
2134 304 2241 375 vitam
2263 306 2304 376 in

282 432 403 480 ramus
419 433 499 479 eum
523 432 562 476 ac
583 407 702 474 literas
725 419 884 476 amanter
897 407 1042 496 scriptas
1054 404 1086 472 ei
1102 405 1268 472 dederam
1314 401 1476 484 Christo,
1500 417 1539 474 ut
1563 426 1638 474 non
1656 402 1768 482 mori,
1794 404 1853 471 sed
1878 425 1974 474 nunc
1994 405 2149 496 primum
2164 430 2246 476 vere
2267 421 2306 479 et

284 514 329 580 ad
354 525 389 581 te
413 523 447 579 et
468 510 511 577 ad
534 505 688 575 Patrem.
747 503 879 575 Melius
901 506 994 574 enim
1019 498 1135 574 adhuc
1158 505 1201 572 dc
1227 525 1268 571 eo
1316 521 1498 575 aeternum
1518 503 1638 574 vivere
1663 502 1704 570 in
1722 503 1798 593 ipso
1817 502 1891 572 filio
1907 500 1995 591 Dei,
2020 508 2081 600 qui
2108 522 2158 577 est
2173 507 2246 578 vita
2270 523 2305 579 et

284 611 494 690 sentiebam,
520 630 626 696 quam
649 628 757 679 nunc.
808 604 879 678 Sed
900 606 1058 696 ipsesibi
1073 606 1164 674 male
1183 627 1270 673 con·
1316 607 1525 676 resurrectio
1554 619 1695 692 nostra,
1729 603 1895 695 incipias,
1927 627 2041 697 neque
2064 609 2131 678 tibi
2154 634 2174 679 a
2196 609 2304 679 nobis

286 713 377 781 scius
399 720 495 776 metu
512 707 549 774 in
568 706 731 776 morbum
744 701 1011 803 μελαγχολικὸν
1028 705 1171 788 incidit,
1197 726 1269 796 quo
1317 706 1573 777 consolationes
1597 707 1689 776 vitae
1713 707 1882 776 adversus
1917 719 2068 775 mortem
2099 725 2304 799 exspectan-

284 813 316 879 si
345 810 622 895 extingueretur,
655 810 748 876 bene
777 831 857 877 cum
883 830 924 874 eo
947 807 1003 894 agi
1024 806 1270 876 existimarem.
1317 811 1403 893 dae,
1418 811 1479 877 sed
1495 808 1612 900 potius
1627 807 1689 876 abs
1705 820 1739 876 te
1755 804 1864 875 nobis
1875 805 2098 897 accipiendae
2115 811 2200 879 sint:
2227 825 2304 881 toto

283 907 380 979 Deus
396 923 557 979 aeternus
573 906 678 978 Pater
693 906 838 976 Domini
857 907 970 974 nostri
986 905 1064 975 lesu
1082 902 1216 976 Christi
1237 918 1271 974 te
1316 922 1455 1000 pectore
1486 906 1563 977 Deo
1592 920 1756 991 aeterno,
1785 906 1877 997 patri
1907 904 2057 976 Domini
2086 912 2197 978 nostri
2224 909 2306 980 lesu

284 1023 398 1079 servet
421 1010 635 1079 incolumem
658 1023 691 1078 et
717 1021 824 1096 regat.
873 1002 1076 1079 Benevale.
1103 1006 1160 1076 die
1184 1029 1271 1075 con·
1317 1006 1469 1094 Christi,
1500 1009 1628 1096 gratias
1661 1009 1816 1098 agimus,
1852 1031 1917 1098 pro
1946 1008 2175 1077 inenarrabili
2208 1012 2304 1080 dono

283 1111 477 1181 iunctionis
503 1108 648 1182 Saturni
678 1122 711 1178 et
733 1106 881 1191 Martis,
909 1108 1010 1177 cuius
1035 1108 1151 1176 minas
1174 1105 1272 1178 Deus
1317 1135 1400 1195 stro,
1416 1110 1513 1201 quod
1528 1120 1564 1179 et
1580 1109 1795 1197 agnitionem
1812 1109 1884 1192 sui,
1905 1109 1944 1174 in
1959 1112 2069 1178 verbo
2087 1111 2220 1198 ingenti
2238 1113 2305 1181 bo-

285 1211 391 1281 nobis
412 1224 446 1281 et
461 1209 616 1302 Reipuh.
633 1210 785 1299 mitiget,
809 1231 850 1277 ac
868 1224 983 1278 servet
997 1208 1134 1302 aliquas
1147 1203 1272 1282 Eccle-
1318 1211 1428 1279 nitate
1451 1209 1642 1299 patefacto,
1676 1210 1780 1279 nobis
1812 1208 1978 1294 donavit,
2013 1223 2048 1279 et
2070 1234 2134 1300 per
2155 1211 2245 1279 illud
2266 1213 2305 1281 iu

287 1314 376 1396 siae,
401 1313 541 1403 piorum
559 1310 778 1392 studiorum,
802 1302 971 1379 honestae
993 1310 1200 1399 disciplinae
1215 1330 1273 1375 re-
1317 1311 1457 1395 multis,
1479 1311 1566 1380 inte
1582 1332 1723 1402 quoqne
1743 1310 1870 1398 spiritu
1884 1333 1948 1378 suo
1966 1323 2086 1381 sancto
2104 1311 2224 1381 efficax
2242 1313 2304 1386 est.¹

284 1412 431 1506 liquias,
456 1424 496 1480 nt
515 1410 696 1501 promisit,
721 1433 757 1479 se
776 1409 882 1479 etiam
899 1423 1133 1480 senescentem
1150 1405 1272 1477 Eccle-
1319 1409 1457 1502 thnia
1470 1412 1611 1483 tededit
1627 1411 1815 1481 salutarem
1829 1410 2011 1479 doctorem
2019 1409 2196 1480 Ecclesiae
2211 1435 2305 1497 suae,

287 1514 374 1582 siam
398 1525 611 1600 gestaturum
637 1535 721 1584 esse.
779 1508 878 1581 Bene
902 1525 937 1583 et
961 1511 1109 1582 feliciter
1135 1502 1273 1605 vale*).
1319 1514 1382 1606 qui
1407 1537 1488 1582 cum
1513 1526 1681 1606 tanquam
1705 1510 1809 1580 fortis
1837 1503 1969 1579 athleta
1998 1524 2032 1581 et
2058 1513 2172 1580 bonus
2200 1513 2304 1583 miles

285 1613 395 1684 Mitto
410 1612 477 1682 tibi
492 1607 645 1705 Stigclit
658 1611 859 1683 versiculos.
1319 1610 1469 1698 Christi,
1494 1635 1635 1683 cursum
1659 1627 1760 1683 tuum
1783 1610 1933 1680 fideliter
1948 1614 2247 1682 consummaveris
2271 1626 2305 1684 et

795 1741 982 1836 philippus
997 1739 1223 1819 Melantho„⁸
1319 1717 1454 1785 bonnm
1471 1727 1647 1784 certamen
1662 1713 1826 1796 certaris,
1847 1712 2039 1783 decaetero
2056 1738 2223 1784 coronam
2238 1716 2303 1783 tibi

1320 1815 1475 1886 institiae
1499 1815 1687 1904 repositam
1709 1810 1836 1898 habes,
1867 1837 1973 1905 quam
1995 1828 2029 1883 et
2058 1815 2125 1882 tibi
2152 1814 2304 1885 fideliter

1320 1917 1443 1985 reddet
1467 1914 1654 1995 dominus,
1686 1913 1800 1982 iustus
1818 1914 1944 1999 iudex,
1975 1926 2009 1982 et
2029 1916 2197 1986 omnibus
2219 1916 2304 1986 dili-

1321 2014 1484 2105 gentibus
1500 2014 1691 2083 adventum
1707 2013 1793 2086 eius.

286 2160 353 2234 No.
380 2161 493 2234 8870.
1127 2175 1159 2243 5.
1176 2169 1262 2232 Febr.
1422 2159 1543 2250 Quare
1559 2160 1589 2230 si
1604 2155 1719 2231 adhuc
1733 2161 1774 2228 iu
1787 2154 1854 2231 hac
1875 2159 2017 2231 mortali
2038 2174 2072 2233 et
2086 2163 2213 2233 misera
2228 2189 2306 2234 car-

1098 2260 1269 2289 Μ
1321 2288 1367 2333 ne
1385 2263 1495 2348 vivis,
1526 2262 1565 2332 in
1589 2287 1657 2356 qna
1682 2262 1754 2330 iam
1774 2261 1911 2352 aliquot
1932 2285 2064 2347 annos,
2099 2288 2173 2333 non
2193 2265 2304 2357 ipsius

436 2361 439 2367 ’
491 2360 692 2477 Cruciger
720 2364 781 2449 ad
807 2366 1069 2476 Myconium,
1322 2365 1436 2435 carnis
1458 2364 1548 2448 vita,
1571 2366 1632 2434 sed
1653 2363 1722 2432 fide
1744 2362 1810 2433 lilii
1826 2359 1895 2432 Dei
1916 2362 2024 2448 vivis,
2050 2366 2103 2434 fac
2126 2379 2166 2435 ut
2182 2389 2304 2456 pergas

288 2255 496 2290 Q

356 2520 529 2577 EditaaSne
564 2520 617 2576 ssio
636 2521 665 2577 in
678 2521 787 2578 libellos
805 2523 869 2579 XVI
882 2524 1042 2581 selectiones
1055 2544 1170 2597 vereque
1184 2525 1274 2579 'ibeo-
1321 2489 1395 2536 esse
1417 2463 1536 2534 animo
1550 2463 1682 2535 victore
1702 2477 1736 2534 a
1753 2476 1971 2534 mmmmm
1983 2465 2108 2534 mortis
2123 2478 2156 2536 et
2170 2465 2305 2537 infero·

389 2591 657 2661 tegumentorum
675 2591 795 2646 ,;„„,„
815 2593 944 2664 epistolae
963 2604 1015 2648 ,ω
1033 2627 1067 2639 ,,
1086 2613 1128 2662 ψ,
1147 2593 1222 2650 Xiv,
1239 2624 1275 2636 ..
1319 2592 1416 2653 rum,
1441 2567 1479 2635 in
1503 2565 1580 2655 ipso
1604 2563 1761 2634 Domino
1783 2559 2040 2656 triumphatore
2061 2579 2095 2635 et
2116 2565 2307 2638 liberatore

389 2656 494 2714 Recnsa
511 2660 538 2710 in
556 2657 678 2713 Tenzelii
692 2660 883 2732 supplemento
901 2661 1274 2755 historiseGothapsstestio
1321 2681 1454 2740 nostro,
1506 2662 1708 2738 Admoneat
1730 2679 1766 2736 te
1787 2678 1821 2736 el
1843 2664 1960 2756 ipsum
1979 2688 2175 2755 cognomen
2190 2681 2306 2753 tuum,

394 2726 464 2794 (len.
484 2727 560 2781 1716.
577 2726 616 2797 4.)
634 2745 661 2799 p.
680 2727 739 2783 108.
1394 2769 1403 2786 .
1457 2769 1466 2786 .
1518 2758 1524 2766 ·
1792 2766 1801 2783 .
2033 2768 2041 2783 .

1320 2783 1361 2840 ut
1392 2782 1526 2838 invecto
1561 2768 1691 2837 robore
1721 2767 1803 2836 fider
1834 2788 2000 2854 persones
2031 2769 2128 2836 rllam
2162 2793 2303 2838 vocem:

290 2873 390 2949 ⁴Vim
409 2875 543 2973 optimo
557 2885 588 2945 ιι
600 2875 732 2973 pietate
745 2877 955 2973 praestanti
965 2874 1277 2955 alirideriw
1321 2871 1457 2940 etiarnsi
1481 2868 1660 2939 ambulem
1686 2867 1725 2936 in
1753 2867 1872 2937 medio
1891 2867 2034 2952 mortis,
2065 2892 2139 2937 non
2170 2869 2304 2940 timebo

289 2974 484 3070 Myconi
491 3002 531 3061 o,
563 2970 717 3048 Pastori
731 2977 920 3050 Ecclesiae
935 2973 1152 3069 Gothauoe,
1175 3008 1277 3056 servo
1320 2972 1472 3052 malum,
1503 2970 1672 3063 q¹¹⁰¹¹i³m
1702 2981 1742 3038 tn
1773 2991 1911 3036 mitum
1943 2991 1997 3052 ‘⁸2
2021 2982 2085 3038 iii·
2108 2982 2143 3039 θῑ
2163 2969 2193 3038 ii
2215 2995 2306 3062 (1⁰³0

291 3088 323 3146 u
343 3074 460 3146 milui
483 3069 631 3148 Christi
647 3073 874 3171 fidelissimo
906 3103 951 3151 ac
1002 3083 1207 3172 artissimo,
1244 3096 1276 3156 u
1321 3085 1404 3141 sum
1426 3071 1577 3154 similes,
1602 3069 1734 3163 quibus
1756 3067 1830 3160 ipse
1853 3069 2021 3141 abundas.
2073 3067 2162 3139 Nam
2184 3070 2306 3140 ciere,

501 3175 620 3246 amico
635 3203 703 3248 suo
716 3172 936 3250 charissimo
982 3179 1001 3256 ζ
1017 3179 1072 3258 D,
1322 3173 1440 3242 dimus
1462 3170 1534 3240 illis
1556 3171 1718 3241 maximis
1734 3183 1768 3238 et
1783 3169 1949 3260 preciosis
1962 3169 2162 3259 promissis,
2184 3182 2225 3240 ut
2248 3172 2306 3240 in-

291 3310 350 3396 Le
374 3327 388 3393 ἱ
410 3341 488 3395 mas
509 3326 629 3395 mem
672 3326 720 3395 cri
839 3325 913 3399 ἀι)
940 3326 976 3398 G
1063 3332 1072 3349 .
1147 3326 1188 3401 R
1257 3379 1276 3392 .
1321 3273 1401 3367 quit
1417 3272 1562 3359 Petrus,
1581 3272 1754 3389 divinitus
1777 3268 1881 3338 nobis
1903 3268 2073 3387 traditis,
2095 3283 2129 3340 et
2147 3273 2306 3390 agnoscit
2353 3324 2358 3331 .

353 3349 373 3415 g
653 3351 669 3396 ⁸
724 3340 837 3418 lma
913 3381 922 3401 '
978 3353 1135 3420 ‘mgmm
1190 3356 1256 3403 ⁰7⁰
1320 3396 1418 3457 mus,
1444 3397 1533 3467 quae
1558 3373 1663 3443 nobis
1685 3373 1815 3441 donata
1837 3382 1919 3439 sunt
1933 3393 1971 3437 m
1985 3363 2128 3440 Chrrsto
2150 3371 2223 3441 blm
2237 3370 2306 3442 Der

295 3451 408 3544 ’ΜΨ
437 3451 476 3494 ¹⁰
499 3427 630 3519 qu¹h¹¹⁸
660 3442 828 3546 tanquam
848 3430 1274 3552 dilii⁸⁵im³mfig¹¹ff³m
1320 3475 1470 3547 feliciter
1490 3475 1677 3544 nobiscum
1698 3472 1831 3560 agitur,
1853 3471 1949 3562 quod
1970 3470 2056 3539 certi
2076 3494 2213 3558 sumus,
2239 3497 2307 3544 nos

293 3541 493 3598 cantionem
513 3551 642 3596 sonans
661 3530 765 3598 nobis
785 3530 973 3615 valemus,
999 3546 1033 3603 et
1056 3529 1144 3602 mrbr
1168 3548 1274 3605 ettam
1320 3577 1394 3644 sive
1416 3575 1568 3646 vivimus
1596 3573 1670 3643 sive
1697 3572 1890 3654 morimur,
1925 3591 1997 3639 esse
2028 3564 2134 3642 huius
2155 3573 2306 3659 domini,

293 3630 440 3698 salutem
466 3641 623 3698 amanter
643 3629 822 3703 adscribis.
878 3628 957 3702 Etsi
988 3647 1104 3704 autem
1135 3659 1273 3707 necesse
1319 3674 1382 3768 qui
1403 3689 1437 3745 et
1453 3676 1527 3767 ipse
1541 3686 1703 3743 mortuus
1721 3683 1774 3740 es,
1788 3671 2044 3751 mmmm,
2069 3685 2111 3741 ut
2130 3685 2164 3741 et
2181 3673 2221 3742 iu
2235 3699 2305 3744 no·

291 3731 380 3813 fuit’
402 3728 498 3797 mie
519 3752 586 3798 ¹¹⁰⁵
609 3729 701 3798 affici
719 3731 789 3801 “¹3⁸
804 3732 932 3818 ἰωὴ
958 3758 1044 3827 ‘3⁰³⁸
1060 3736 1136 3804 ⁸3⁰⁸
1158 3737 1273 3832 ¹³³7*
1318 3776 1374 3844 bis
1399 3775 1444 3846 sit
1464 3774 1589 3845 mortis
1610 3786 1645 3843 et
1667 3771 1760 3842 vitae
1779 3768 1971 3854 Dominus,
1996 3772 2178 3858 videlicet,
2203 3789 2245 3846 ut
2270 3788 2306 3847 et

291 3854 359 3897 mss
387 3829 501 3946 legere
532 3830 710 3949 nemis-rem
741 3832 841 3924 pium
864 3857 963 3925 posse
992 3836 1207 3922 indicamus,
1238 3852 1272 3909 et
1317 3876 1416 3946 issam
1439 3877 1477 3945 in
1501 3886 1683 3945 aeternum
1704 3872 1861 3957 aboleat,
1885 3882 1920 3942 et
1935 3866 2026 3941 hanc
2040 3871 2079 3941 in
2096 3888 2306 3966 perpetuum

289 3943 436 4021 propter
456 3930 553 3999 illam
575 3933 731 4002 vividam
758 3935 1012 4025 expressionem
1042 3938 1271 4009 mirificorum
1317 3990 1461 4049 renovet
1476 3989 1512 4048 et
1527 3985 1721 4047 conservet,

289 4031 500 4115 affectuum,
525 4031 654 4124 quibus
667 4057 727 4103 eor
749 4048 850 4104 tuum
866 4038 965 4107 ardet
980 4037 1108 4108 fiducia
1131 4053 1166 4108 et
1181 4040 1272 4110 dile-

290 4132 405 4201 ctione
422 4131 489 4199 filii
504 4129 590 4216 Dei,
615 4135 801 4204 servatoris
817 4137 949 4218 nostri,
977 4151 1010 4207 et
1031 4154 1175 4229 propter
1196 4164 1269 4209 non
1398 4126 1467 4198 Sed
1483 4151 1503 4196 0
1520 4126 1778 4215 diplfflissdum
1798 4123 1908 4211 fiississ
1927 4137 1960 4193 ii
1977 4137 2156 4216 torPorem
2173 4151 2303 4214 meum,

290 4233 449 4321 exiguam
479 4232 738 4304 solicitudinem
771 4249 806 4305 et
828 4250 901 4305 tam
929 4252 1102 4308 moestum
1133 4241 1272 4310 deside.
1323 4228 1489 4298 eollatum
1505 4226 1549 4295 ad
1566 4226 1668 4297 illum
1684 4237 1926 4315 exporrectum
1940 4225 2097 4315 vigorem
2114 4227 2168 4296 tui
2183 4242 2303 4320 pecto·

288 4333 382 4401 rium
398 4333 470 4418 tui,
495 4336 591 4426 quod
615 4335 680 4403 ista
694 4339 1025 4410 commemoratione
1041 4340 1079 4407 in
1095 4342 1199 4410 nobis
1214 4366 1270 4411 re·
1316 4329 1365 4397 rl³
1388 4342 1423 4399 θῑ
1442 4329 1624 4397 θΐῦθΰῑθῐῃ
1640 4326 1712 4393 Vim
1729 4325 1828 4393 fidei:
1853 4349 1925 4417 (1¹¹⁰
1948 4327 2094 4396 ¹¹⁰¹1¹i¹¹0
2117 4321 2206 4396 mihi
2225 4329 2302 4421 ipse

289 4432 442 4525 linquis,
467 4448 634 4526 tanquam
661 4437 732 4505 iam
748 4437 961 4509 discessurus
982 4464 1002 4509 a
1025 4440 1130 4510 nobis
1155 4441 1194 4510 in
1215 4443 1271 4512 vi·
1316 4425 1540 4499 vehementer
1552 4425 1740 4518 displiiffl,
1760 4439 1793 4496 ii
1814 4448 1934 4518 saepe,
1956 4451 2038 4496 cum
2059 4426 2208 4498 mffliffli
2223 4430 2301 4499 vel·

289 4545 360 4600 tam
383 4533 486 4622 longe
509 4537 689 4605 meliorem
713 4552 747 4607 et
769 4552 944 4608 aeternam
968 4542 1166 4611 societatem
1188 4544 1271 4614 dul·
1315 4531 1402 4613 lim,
1440 4530 1577 4620 Ρῠᾶθῑθ
1599 4527 1785 4597 deterrimi
1813 4548 1910 4608 sum,
1942 4551 2013 4619 (1¹1⁰
2044 4527 2161 4597 minus
2191 4529 2237 4598 ad
2267 4542 2303 4600 ie

288 4633 446 4702 cissimae
468 4639 730 4707 consuetudinis
755 4653 790 4708 et
810 4655 997 4730 perpetuae
1013 4642 1167 4713 laetitiae
1189 4667 1269 4714 eum
1316 4630 1468 4700 icribere
1484 4631 1662 4702 auderem.
1709 4626 1848 4717 QUOdii
1864 4641 1898 4697 [θ
1913 4626 2078 4698 d⁰¹¹¹i¹¹11⁸
2093 4624 2304 4700 vullidhuc

287 4733 364 4823 ipso
380 4730 541 4818 fllioDei,
566 4750 601 4809 et
614 4738 676 4807 illo
694 4743 955 4831 exoptatissimo
970 4756 1070 4814 coetu
1086 4745 1269 4815 beatorum
1314 4730 1523 4824 aliquandiu
1544 4728 1784 4820 superstitem,
1808 4728 1903 4819 quod
1925 4740 1959 4797 at
1979 4723 2156 4798 Ecclesiae
2180 4742 2216 4800 et
2235 4753 2305 4800 na·

284 4846 427 4923 patrum
445 4848 480 4904 et
494 4832 744 4926 prophetarum
761 4854 795 4910 et
812 4856 1013 4913 sanctorum
1031 4845 1212 4930 omnium,
1234 4857 1269 4914 et
1315 4831 1369 4902 bis
1392 4832 1638 4924 profuturum,
1664 4830 1759 4899 iuxta
1785 4829 1895 4917 ipsius
1918 4828 2136 4899 voluntatem
2153 4830 2304 4900 confidi-

284 4935 475 5005 innumero
491 4937 647 5009 exercitu
666 4941 886 5029 angelorum:
912 4957 1030 5015 tamen
1052 4968 1133 5016 cum
1148 4946 1269 5023 videa-
1314 4954 1411 5017 mili.
1436 4931 1539 5000 valde
1560 4943 1594 5000 ῑθ
1615 4954 1700 5014 θΐθ,
1724 4941 1764 4998 ¹¹²
1782 4928 2009 4998 ”fidissimis
2023 4943 2058 4999 ‘i
2072 4929 2302 5018 flabfissiffiiss

1313 5031 1385 5106 tuis
1398 5032 1563 5124 precibus
1585 5031 1692 5102 etiarn
1713 5043 1870 5116 nostram
1884 5029 2032 5100 salntem
2047 5023 2190 5101 Christo
2206 5056 2305 5101 com-

1313 5134 1476 5218 mendes,
1508 5145 1549 5202 nt
1572 5144 1607 5201 et
1631 5153 1687 5200 me
1705 5153 1746 5198 ac
1767 5153 1863 5199 meos
1877 5129 1965 5200 velit
1980 5153 2053 5200 esse
2067 5153 2148 5201 vasa
2163 5131 2304 5201 miseri-

314 5244 345 5313 *)
367 5247 445 5304 altu·
463 5246 622 5319 adscriptus
639 5250 792 5306 sun.1tss.
1315 5233 1475 5318 cordiae,
1500 5245 1533 5303 et
1550 5254 1615 5302 nos
1636 5255 1707 5303 una
1726 5230 1860 5323 perfrui
1878 5231 2137 5323 exoptatissima
2160 5231 2223 5304 illa
2244 5256 2304 5303 so-

285 5131 514 5153 Μ
