4748 6022
157 273 239 363 ρ..
751 262 1188 343 ur1sr0naaua1
1239 269 1424 348 nter
1478 267 1611 348 1⁶46.
2127 270 2209 348 ets

270 440 324 513 De
356 436 518 536 Georgia
544 435 677 525 Moto,
716 435 978 511 concionatore
1007 438 1162 532 Lipsico,
1210 440 1478 531 Norlingiacum
1493 439 1769 534 perveniretuto
1786 440 1905 531 possit.
1954 437 2046 509 Nam
2063 463 2144 509 cum
2163 466 2206 511 ex

167 546 310 625 scitote,
350 569 407 613 me
431 546 551 613 literas
576 567 640 634 per
671 544 884 632 peculiarem
917 542 1088 612 nuncium
1117 545 1161 612 ad
1209 539 1340 614 Rhetia
1365 569 1461 613 nunc
1484 542 1632 635 pecunia
1658 538 1876 612 scholasticis
1905 564 1981 609 non
2011 541 2058 610 sit
2086 542 2208 630 missa,

170 646 246 717 eius
260 669 405 716 uxorem
418 645 567 716 misisse.
617 642 707 714 Nam
723 643 851 734 ipsum,
878 646 1073 730 audieram,
1099 670 1162 712 vo·
1209 670 1288 714 meo
1305 647 1455 716 consilio
1473 645 1722 736 proficiscitur,
1747 657 1787 714 ut
1803 645 1871 713 sibi
1888 656 1922 712 et
1937 641 2208 715 comilitonibus

170 763 286 818 catum
305 770 378 814 esse
392 745 841 835 aConsiliariisPrincipis,
866 761 1049 835 propterea
1067 748 1159 838 quod
1210 743 1372 818 Rheticis
1387 748 1573 839 pecuniam
1590 760 1695 839 petat.
1734 741 1776 814 ln
1794 741 1859 815 hac
1877 759 1948 814 tota
1964 768 2001 812 re
2017 768 2098 813 eum
2115 769 2206 817 con·

170 872 245 918 non
267 848 345 916 vult
365 850 516 940 probare
542 848 760 917 voluntatem
781 835 918 916 Caroli
937 847 1163 937 lmperatoris
1211 850 1291 917 silio
1308 864 1369 920 tuo
1388 850 1572 939 gubernes.
1624 847 1720 917 Bene
1740 848 1827 919 vale.
1879 842 2112 921 6.0ctobris.

170 949 344 1022 debello.
395 945 550 1041 Expecto
576 964 692 1020 autem
719 972 945 1040 responsum,
971 952 1162 1044 quodcum
1719 945 1909 1040 Philippus
1926 943 2155 1023 Melanthon.

170 1074 353 1142 accepero,
379 1075 462 1120 mox
480 1053 524 1119 ad
540 1073 604 1120 vos
618 1051 766 1122 mittam.

272 1167 315 1237 In
340 1167 472 1238 vicinia
498 1184 618 1238 nostra
650 1167 832 1258 plebecula
855 1167 1082 1238 Lusatiomm
1106 1193 1164 1236 ar-

170 1283 307 1353 matur,
330 1283 370 1338 ut
392 1270 592 1359 irrumpant
612 1269 648 1335 in
666 1269 837 1337 ditionem
852 1267 962 1339 Ducis
978 1269 1163 1351 Saxoniae,

170 1368 354 1442 Electoris.
414 1367 492 1440 Etsi
513 1394 634 1460 spero,
667 1371 789 1460 repelli
814 1393 931 1459 posse:
964 1384 1100 1454 tamen,
1133 1372 1163 1441 si
1210 1337 1398 1413 ΝΜ·

172 1472 258 1563 quid
275 1473 341 1541 erit
356 1472 592 1554 tumultuum,
617 1471 708 1540 lilios
727 1485 859 1540 vestros
874 1472 918 1539 ad
931 1495 994 1541 vos
1012 1474 1162 1544 mittam.
1217 1433 1388 1463 m

170 1570 274 1655 Cras,
302 1568 358 1668 [h.
374 1587 441 1656 est,
466 1573 525 1641 die
544 1571 606 1646 27.
621 1564 853 1670 Decemb.*)]
872 1570 1077 1642 Conventus
1097 1575 1164 1643 erit
1556 1516 1599 1606 C·
1631 1518 1866 1602 Panmnw‘

171 1668 326 1754 Ulmus,
353 1698 459 1765 quem
478 1688 520 1743 ut
535 1673 630 1742 Deus
655 1677 845 1761 gubernet,
877 1698 1072 1762 precemur.
1123 1673 1164 1744 Si
1363 1692 1547 1763 Episcttm.
1568 1695 1732 1767 p.2982qq.

172 1771 266 1842 nihil
287 1777 447 1845 fecerunt
463 1775 633 1843 exercitus
650 1776 762 1844 nostri
779 1775 926 1863 dignum
942 1776 1094 1845 fortibus
1109 1777 1164 1842 vi·
1868 1846 1876 1864 .
1960 1848 1967 1866 .

172 1876 241 1958 ris,
284 1875 417 1944 interea
449 1899 595 1964 magnae
628 1875 811 1946 civitatum
844 1877 1006 1967 querelae
1048 1889 1164 1949 erunt.
1275 1840 1373 1920 Chr
1382 1849 1421 1920 ‘⁹5
1430 1845 1597 1948 l⁰Ph⁰f
1606 1875 1626 1921 ⁰
1654 1845 1903 1919 Pann⁰m⁰
1932 1854 1991 1944 (m
2018 1844 2132 1926 Awd·

173 1974 306 2065 Spero,
339 1976 453 2045 Deum
482 1991 703 2045 servaturum
733 1999 807 2044 esse
829 1973 1023 2045 Ecclesiam
1053 2001 1164 2061 suam,
1600 1947 1807 2050 Fm'lwffi

173 2093 224 2159 et,
245 2091 284 2146 ¹11
299 2090 433 2158 Sertei,
460 2101 523 2146 ⁰1¹⁰
540 2100 632 2149 eum·
685 2076 753 2147 Sed
770 2080 949 2170 quomodo
965 2095 1165 2148 servaturus
1212 2065 1259 2155 S.
1285 2084 1327 2160 D.
1381 2085 1498 2157 Hodie
1513 2087 1637 2177 scripsi
1650 2082 1814 2171 Sabino,
1839 2109 1879 2154 ac
1894 2084 2017 2176 scripsi
2034 2085 2201 2156 brevissi-

91 2186 95 2194 '
161 2178 237 2262 sit,
264 2180 372 2269 ipsius
389 2176 590 2268 Sapientiae
605 2179 784 2269 permitto,
836 2177 1166 2249 VoluntatesPrin-
1214 2212 1306 2255 mam
1329 2192 1630 2259 narratiunculam
1652 2191 1695 2257 de
1717 2188 1915 2280 praecipuis
1937 2189 2042 2266 rebus
2069 2189 2108 2257 in
2124 2188 2202 2280 ripa

175 2279 293 2368 cipum
311 2275 531 2371 etEquitum
547 2280 669 2371 quales
686 2281 777 2362 sint,
802 2305 876 2348 non
897 2294 947 2349 est
964 2281 1166 2350 obscurum.
1213 2289 1369 2360 Danubii
1390 2293 1510 2379 gestis,
1545 2315 1631 2383 quas
1653 2285 1824 2359 hactenus
1848 2289 2059 2359 audivimus,
2110 2287 2202 2360 Eam

176 2379 336 2466 Quaem,
369 2380 399 2448 δί
428 2381 516 2472 quid
549 2382 927 2472 acceperill‘dlgffllm
957 2397 1166 2462 memoratu,
1214 2391 1385 2480 pagellam
1402 2407 1435 2462 et
1451 2393 1516 2460 tibi
1531 2378 1682 2460 describi
1707 2391 1802 2463 iussi.
1853 2386 1956 2458 Nihil
1978 2386 2095 2461 adhuc
2120 2392 2203 2484 qui-

167 2480 379 2570 significate.
429 2479 527 2551 Bene
545 2483 668 2553 valete.
703 2485 765 2555 27.
778 2481 847 2551 Die
860 2482 1091 2574 Septembris.
1161 2509 1162 2512 ’
1215 2494 1294 2560 dem
1313 2507 1364 2562 est
1381 2486 1594 2592 ἀξιόλογον,
1619 2495 1716 2563 unde
1736 2492 1887 2562 iudicari
1910 2505 2023 2582 posset
2047 2493 2201 2561 inclina-

916 2595 1115 2692 Philippus.
1214 2594 1348 2669 tionem
1372 2596 1411 2663 in
1432 2596 1638 2667 alterutram
1661 2608 1796 2686 partem
1822 2595 1947 2663 factam
1971 2616 2054 2666 esse.
2106 2592 2202 2676 Scio,

1215 2696 1313 2764 varia
1343 2692 1530 2767 hominum
1560 2697 1676 2768 studia
1703 2719 1795 2779 esse,
1833 2710 1867 2765 et
1893 2694 2078 2767 dissimiles
2107 2717 2198 2785 spes.

1214 2796 1284 2868 Sed
1313 2823 1379 2868 nos
1405 2823 1546 2868 oremus
1576 2798 1691 2870 Deum
1719 2811 1919 2883 aeternum,
1957 2795 2095 2866 Patrem
2123 2797 2201 2866 Do-

1215 2899 1304 2967 mini
1319 2902 1429 2970 nostri
1447 2898 1528 2971 lesu
1541 2894 1695 2984 Christi,
1720 2913 1759 2970 ut
1773 2901 1959 2969 salutarem
1977 2922 2096 2990 pacem
2106 2896 2202 2967 Ger-

173 2985 239 3057 No.
256 2982 367 3059 3571.
1043 2996 1075 3057 6·
1094 2986 1165 3052 Oct.
1213 3001 1352 3071 maniae
1367 3005 1505 3075 reddat.

181 3078 352 3113 m
1038 3082 1161 3107 Μ
1315 3101 1424 3174 Mitto
1452 3104 1518 3177 tibi
1549 3103 1710 3174 libellum
1741 3116 1883 3172 tenuem
1919 3095 1962 3169 dc
1984 3095 2203 3200 forensibus

511 3163 565 3253 V·
597 3166 832 3250 Th⁶⁰d⁰r⁰·
1213 3199 1432 3278 actionibus.
1491 3205 1614 3284 Dices,
1645 3230 1702 3273 me
1724 3204 1883 3294 ineptum
1909 3227 2000 3289 esse,
2033 3204 2093 3294 qui
2118 3204 2203 3270 tales

242 3344 501 3398 Editaasauberto
519 3343 546 3395 tn
566 3345 682 3414 append.
700 3363 759 3427 epp.
779 3343 825 3399 tib.
844 3345 891 3398 tv.
910 3364 936 3413 p.
956 3344 1048 3400 19.-
1084 3344 1166 3401 Nunc
1213 3309 1377 3375 materias
1393 3310 1506 3380 edam.
1558 3306 1640 3377 Non
1656 3309 1788 3389 reluto,
1813 3307 1872 3375 sed
1890 3306 2002 3389 edidi,
2028 3305 2111 3397 quia
2135 3304 2203 3372 ali-

273 3433 303 3468 a:
324 3411 493 3482 autographo
517 3411 700 3466 Metandona
719 3432 746 3465 ιιι
771 3414 831 3466 cod·
850 3413 962 3469 Monac·
978 3420 1001 3470 t.
1021 3434 1049 3487 p·
1063 3415 1124 3470 639.
1213 3408 1295 3475 cubi
1311 3409 1466 3480 illustrat
1484 3407 1703 3480 Graecorum
1721 3403 1916 3475 Oratorurn
1936 3405 2140 3485 lectionem,
2167 3417 2203 3475 et

173 3565 216 3639 1)
259 3567 312 3641 V
392 3561 462 3637 Τ),
527 3561 554 3633 d
687 3563 715 3637 d
822 3569 830 3585 ·
850 3564 891 3636 E
1009 3565 1041 3639 l,
1133 3569 1141 3587 .
1212 3522 1420 3580 vetustatem
1443 3511 1649 3601 disciplinae
1670 3507 1891 3577 considerare
1913 3505 1999 3573 utile
2019 3516 2080 3574 est.
2132 3503 2200 3568 Vi..

218 3624 227 3644 ⁸
298 3577 363 3638 no
410 3590 675 3738 Ecgpzsifflgi
687 3577 1007 3763 lqjgxblzrgazaw
1026 3595 1101 3639 mm
1124 3595 1162 3640 m
1212 3612 1298 3681 dent
1313 3615 1417 3683 etiam
1434 3611 1688 3691 adolescentes,
1713 3631 1754 3675 ex
1772 3606 1894 3674 divina
1910 3606 1984 3691 lege
2008 3617 2100 3672 ortas
2122 3625 2197 3670 esse

1211 3716 1384 3794 actiones,
1410 3727 1444 3782 et
1460 3710 1559 3805 quasi
1575 3707 1747 3798 praesidia
1764 3705 1972 3796 disciplinae
1988 3728 2071 3776 esse.
2124 3703 2197 3773 Sed

134 3894 137 3900 ,
174 3799 217 3891 S.
241 3815 285 3887 D.
336 3813 438 3885 Hanc
454 3815 637 3905 epistolam
654 3831 749 3886 sexto
766 3817 823 3886 die
840 3815 1008 3887 Octobris
1030 3818 1164 3909 scripsi,
1212 3829 1355 3905 propter
1372 3812 1655 3885 benevolentiam
1677 3808 1800 3891 mitto,
1826 3831 1899 3908 non
1921 3821 2016 3877 utta
2040 3808 2198 3881 doceam.

176 3945 255 3994 cum
274 3922 317 3987 de
341 3918 550 3988 exercitibus
572 3919 610 3986 in
625 3916 755 3989 Rhetia
781 3916 873 3988 nihil
895 3921 1161 4002 audivissemus,
1209 3914 1305 3985 Bene
1320 3917 1408 3988 vale.
1460 3914 1496 3988 7.
1513 3909 1683 3984 Octobris
1702 3906 1809 3984 1546.

175 4023 246 4093 nisi
261 4020 490 4108 Ncuburgum
506 4035 714 4110 occupatum
730 4045 821 4105 esse,
846 4023 941 4115 quod
959 4035 998 4093 tu
1020 4046 1160 4116 quoque
1699 4104 1702 4111 ,
1895 4006 2096 4101 Philippus·

176 4125 362 4213 scripsistt;
396 4135 430 4191 et
450 4118 533 4202 Dux
553 4119 726 4193 saxoniae
748 4118 964 4201 Mauritius
984 4126 1161 4197 diceretur

175 4224 322 4313 Pragam
345 4224 532 4315 profectus.
583 4221 775 4314 Nunquam
796 4225 871 4295 ullo
896 4240 1071 4318 tempore,
1102 4250 1161 4298 ar-

176 4327 310 4405 bitror,
337 4340 450 4395 tantas
463 4325 571 4394 luisse
588 4325 810 4415 negotiorum
824 4328 999 4413 tenebras.
1047 4326 1159 4398 Nemo
1720 4393 1727 4411 .
2069 4391 2077 4406 ι

176 4427 258 4507 scit,
285 4428 463 4516 quomodo
477 4427 596 4497 subito
611 4421 669 4496 hic
685 4443 801 4498 motus
813 4429 998 4513 exarserit,
1023 4430 1161 4500 etiamsi
1309 4397 1402 4470 cum
1433 4401 1477 4467 “d
1505 4390 1786 4491 Ingdsiadmm
1810 4393 1915 4462 semel
1939 4405 2043 4484 alque
2067 4405 2196 4460 “esum

177 4529 298 4598 odium
326 4527 493 4597 adversus
522 4528 719 4598 doctrinam
748 4543 848 4601 vem,
882 4543 917 4601 eq
948 4546 1072 4601 „olum
1097 4546 1159 4616 ω,
1208 4502 1341 4592 praelia
1355 4503 1445 4571 facta
1461 4515 1575 4570 essent
1590 4500 1635 4567 ab
1652 4497 1806 4571 exercitu
1822 4486 1958 4563 Caroli
1973 4490 2199 4582 lmperatoris

176 4620 330 4727 ἀφορμὴ
354 4639 474 4696 tamen
495 4627 582 4697 belli
605 4630 961 4703 admodumopmur,
978 4644 1039 4704 est·
1089 4630 1162 4702 sed
1210 4617 1245 4673 et
1264 4603 1416 4673 exercitu
1439 4584 1907 4721 foederatorum,·Carolus
1926 4592 2120 4712 Imperator
2142 4593 2199 4661 fo·

172 4732 300 4802 omitto
328 4724 432 4811 haec,
464 4740 498 4797 et
518 4726 634 4799 Deum
658 4756 799 4821 precor,
833 4744 876 4804 ut
897 4732 1162 4808 detaalufflem
1210 4705 1265 4775 dit
1284 4703 1400 4774 locum
1427 4718 1548 4774 castrrs
1564 4704 1607 4771 ad
1623 4724 1759 4769 moema
1777 4697 2003 4787 lngolstadu,
2026 4718 2097 4787 quo
2112 4718 2199 4784 pro-

175 4855 307 4928 pacam,
351 4826 453 4900 Huic
468 4828 681 4902 adolescenti
696 4832 980 4925 Norlpngpaoend
990 4826 1166 4907 [ohannp
1209 4819 1287 4896 pter
1305 4808 1450 4896 paludes
1466 4830 1530 4875 nec
1546 4800 1729 4873 machinae
1745 4826 1809 4870 nec
1827 4800 1961 4892 equites
1981 4797 2108 4876 adduci
2132 4821 2199 4886 po-.

169 4934 366 5009 Hermann
389 4933 450 5001 des
482 4930 689 5019 consilium,
730 4940 909 5031 quomodo
941 4936 978 5007 in
1011 4938 1163 5031 pappam
1210 4921 1366 4981 luerunt.
1415 4904 1628 5000 Quanquam
1645 4906 1753 5023 igitur
1766 4904 1902 5020 aliquot
1916 4900 2041 5017 diebus
2052 4898 2105 4969 ibi
2122 4899 2200 4968 soe-

265 5034 270 5043 '
525 5056 528 5063 ·
564 5050 568 5057 ’
1211 5013 1412 5079 deratorum
1435 5010 1607 5078 exercitus
1630 5020 1778 5089 mansit,
1811 5007 2074 5073 dimicationem
2092 5023 2199 5090 expe-

171 5122 391 5145 .-.---
860 5126 864 5135 '
1208 5125 1324 5181 ctans:
1351 5124 1486 5190 tamen,
1512 5135 1592 5179 cum
1616 5122 1815 5200 appareret,
1840 5091 2019 5173 Catulum
2041 5099 2200 5191 Impera-

207 5226 442 5303 tasqemmea
458 5255 494 5268 -
520 5226 680 5281 coaventu.
698 5227 921 5294 evangelicorum
942 5231 1044 5288 Ulmus
1060 5233 1113 5288 roas
1134 5235 1161 5293 a.
1209 5227 1320 5283 torem
1341 5235 1415 5278 non
1432 5211 1681 5279 dimicaturum
1697 5230 1787 5287 esse,
1813 5206 1959 5294 regressi
1978 5217 2062 5282 sunt
2077 5205 2200 5272 foede·

239 5295 502 5426 JV¹100⁶¹b⁰bflih
518 5295 713 5377 Vid·⁸l⁰l‘¹²¹¹·
729 5299 904 5398 P·⁶⁵?;'²P·
920 5304 980 5383 iffi·
1015 5302 1161 5386 P“¹⁰.⁶⁴.¹¹·
1208 5316 1275 5384 rati
1288 5314 1336 5384 ad
1353 5307 1556 5404 Newhurg,
1582 5323 1614 5379 et
1631 5309 1776 5379 iude-ad
1792 5300 2018 5378 Donowcrd.
2059 5303 2198 5375 Interea

252 5388 328 5424 orem
343 5386 390 5422 ver
411 5386 441 5420 a.
460 5401 478 5433 ‚,
504 5384 538 5418 oc
549 5375 588 5418 est
600 5365 643 5417 die
656 5366 699 5421 27.
711 5369 798 5422 θιὼ.
838 5369 881 5429 vel
898 5369 983 5425 altum
997 5370 1159 5443 adscripsis-

198 5514 205 5522 ἱ
238 5459 282 5508 ιε,
300 5431 660 5493 ncnvecottetsnthonem.
1208 5415 1368 5509 pervenit
1394 5417 1438 5487 ad
1462 5402 1597 5484 Caroli
1618 5409 1746 5504 imper.
1775 5422 1888 5481 eastra
1918 5408 2088 5480 exercitus
2114 5405 2199 5479 Bel-

1241 4205 1370 4279 Sequitur
1392 4215 1607 4272 praememorata
1629 4203 1747 4276 pagella,
1773 4201 1918 4258 continens
1935 4199 2093 4273 praecipuas
2109 4217 2151 4252 res
2169 4195 2199 4252 in

1308 4275 1367 4347 ripa
1384 4274 1504 4330 Danubii
1527 4283 1623 4344 gestas.
