4748 6022
160 314 250 399 sse
751 243 1187 377 srssrotahuu
1228 288 1344 374 ‘uta
1372 294 1418 371 tt
1471 295 1604 373 assa.
2150 229 2242 372 'sss
2279 368 2283 373 ,

175 507 217 566 nt
232 491 271 561 in
286 485 446 559 moribus
458 482 578 574 legum
592 475 737 549 vincula
756 473 906 545 effrenes
924 486 1072 545 naturae
1088 471 1177 542 ode-
1230 469 1294 543 dio
1309 485 1508 564 propterea,
1533 472 1631 566 qrsod
1644 471 1860 566 scripserunt
1873 466 1998 564 aliqui,
2019 461 2241 542 Dialectica

178 607 283 676 runt,
315 591 364 659 ita
394 586 526 657 artium
556 592 762 676 praecepta,
793 592 961 670 tanquam
992 596 1179 657 carcerem,
1231 573 1341 644 armis
1363 575 1547 647 veritatem
1562 598 1581 644 a
1596 599 1788 668 pravorum
1803 574 2011 663 dogmatum
2029 571 2240 643 auctoribus

179 694 285 765 multi
300 691 459 780 fugiunt:
489 700 524 757 et
540 697 582 755 nt
596 684 636 753 in
651 681 722 750 vita
738 679 917 749 licentiam
933 676 1101 747 omnibus
1116 698 1179 746 cn·
1231 675 1475 746 labefactatam
1500 699 1588 745 esse:
1629 671 1717 747 baec
1738 675 1834 744 enim
1858 697 1931 742 non
1953 687 2008 742 est
2032 672 2152 758 artis,
2185 675 2240 745 sed

179 792 391 890 piditatibus
410 787 557 860 concedi
574 785 719 863 volunt,
744 783 794 851 ita
810 780 848 849 in
865 778 1116 870 religionibus,
1140 775 1179 844 io
1232 778 1409 847 malorum
1426 778 1647 866 ingeniomm
1664 792 1698 848 et
1714 800 1844 868 pravae
1859 775 2108 846 institutionis
2124 800 2241 870 repre-

180 888 427 991 pbilosophia,
451 891 491 959 in
512 889 610 967 soro,
634 897 755 954 amant
775 882 950 951 infinitam
969 881 1182 960 libertatem,
1232 874 1371 952 hensio.
1421 877 1495 960 Sit,
1521 878 1615 947 utin
1630 879 1709 949 aliis
1724 878 1852 948 studiis
1867 891 1995 948 natura
2014 892 2241 949 rectaetve·

181 996 417 1091 perniciosam
440 1004 475 1061 et
498 988 603 1080 ipsis,
627 999 664 1056 et
679 980 858 1054 Ecclesiae
881 982 967 1059 Dei,
1000 982 1039 1051 in
1059 981 1183 1049 delen·
1232 980 1348 1051 ritatis
1371 1002 1493 1049 amans
1514 993 1550 1048 et
1573 994 1683 1051 artem
1704 980 1822 1050 sobrie
1834 980 1965 1059 discat,
1993 1002 2153 1073 eamque
2168 1006 2241 1051 mo

181 1099 310 1172 (lendis
332 1120 372 1164 ac
387 1090 591 1163 reiiciendis
608 1086 851 1179 opinionibus.
902 1081 980 1155 Etsi
997 1095 1114 1150 autem
1128 1093 1183 1150 ta·
1233 1084 1330 1150 deste
1345 1094 1380 1151 et
1394 1081 1548 1171 graviter
1563 1083 1607 1151 ad
1625 1080 1891 1174 inquisitionem
1908 1079 2243 1152 etillustrationem

183 1202 235 1271 les
253 1211 401 1268 naturae
416 1194 615 1287 petulantes
629 1211 704 1257 non
717 1200 906 1256 moventur
920 1198 1043 1254 nostra
1059 1183 1183 1252 admo-
1235 1183 1393 1253 veritatis
1406 1177 1588 1253 adhibeat:
1615 1207 1689 1252 non
1704 1195 1908 1253 exerceatur
1918 1176 2137 1272 sophistica,
2166 1209 2241 1254 nou

183 1302 341 1384 nitioue,
373 1319 524 1391 quorum
550 1290 692 1382 ingenia
711 1287 949 1357 moderatiora
974 1297 1077 1368 sunt,
1108 1304 1182 1350 non
1235 1297 1400 1354 amentur
1414 1285 1592 1374 captiones
1606 1300 1640 1354 et
1656 1283 1881 1375 praestigiae,
1905 1295 1946 1352 nt
1959 1283 2090 1354 multae
2105 1309 2249 1376 pravae

183 1401 377 1474 deserenda
395 1409 489 1469 scant.
539 1392 616 1463 llos
634 1404 668 1461 et
684 1387 871 1472 adhortor,
898 1402 932 1456 et
948 1384 1184 1479 propterglo·
1235 1399 1381 1456 naturae
1413 1381 1758 1480 similes‘Autolyci,
1797 1378 1961 1478 Sisyphi,
1988 1381 2175 1480 Eurybati
2207 1402 2245 1459 et

183 1505 275 1575 riam
297 1501 364 1573 Dei
393 1523 432 1568 ac
461 1509 607 1590 propter
629 1489 806 1561 Ecclesiae
836 1490 984 1558 salutem
1015 1488 1185 1565 obtestor,
1235 1486 1387 1556 aliorum
1410 1486 1644 1579 impostomm
1667 1487 1887 1557 delectantur
1909 1484 2004 1556 ludis
2023 1487 2245 1578 captionum

183 1601 462 1676 neDialecticeu
486 1596 684 1686 negligant,
717 1617 782 1662 nec
804 1591 1022 1683 applaudant
1039 1586 1185 1656 insulsis
1235 1601 1270 1658 et
1284 1587 1483 1661 calumniis.
1522 1585 1570 1658 Et
1584 1583 1713 1658 horum
1724 1588 1865 1656 similes
1880 1587 2245 1660 lnisseetessemul-

186 1705 410 1777 sermonibus
424 1723 566 1781 eorum,
592 1696 656 1789 qni
675 1694 877 1785 vituperant
895 1715 983 1775 eam,
1008 1702 1042 1758 et
1059 1685 1184 1757 Eccle-
1235 1704 1289 1758 tos
1311 1689 1488 1760 malornm
1510 1692 1713 1778 dogmatum
1735 1711 1946 1780 mangones,
1978 1700 2021 1758 nt
2043 1689 2095 1759 ita
2110 1690 2247 1777 dicam,

185 1809 257 1878 siae
285 1805 449 1876 inutilem
480 1823 554 1869 esse
582 1797 777 1866 clamitant.
834 1794 904 1864 Sed
929 1790 1101 1861 credibile
1122 1800 1185 1872 est,
1236 1791 1320 1861 satis
1341 1803 1505 1881 apparet,
1539 1795 1602 1884 qni
1624 1816 1845 1884 nequaqnam
1860 1788 2049 1861 Dialectici
2071 1805 2165 1862 suut
2184 1806 2245 1863 aut

91 1922 95 1928 ’
184 1920 267 1980 ante
286 1902 354 1976 hoc
372 1919 510 1994 tempus
526 1900 661 1968 venisse
675 1894 892 1966 Dialecticen
910 1894 946 1962 in
966 1903 1182 1962 contemtum
1236 1895 1398 1973 inerunt,
1421 1894 1479 1960 sed
1506 1895 1623 1982 potius
1647 1887 1835 1985 Sophistae
1857 1917 1921 1962 seu
1942 1890 2187 1984 impostores,
2210 1907 2243 1965 et

183 2009 272 2081 etin
288 2008 428 2089 odium,
454 2015 639 2095 propterea
655 2000 751 2094 quod
768 2020 841 2065 non
858 2020 925 2080 ars,
951 1994 1011 2063 sed
1031 1995 1182 2062 obscura
1236 2018 1311 2063 non
1335 1994 1451 2063 solum
1473 1994 1623 2062 aliarum
1645 1994 1908 2078 doctrinarum,
1932 1995 1994 2063 sed
2019 1995 2135 2063 etiam
2158 1991 2243 2066 Dia-

184 2112 356 2205 quaedam
382 2106 465 2176 artis
489 2104 635 2186 umbra,
666 2099 888 2178 tradebatur,
923 2097 996 2165 imo
1020 2094 1183 2188 labyrin-
1237 2095 1378 2164 lecticae
1401 2097 1659 2185 depravatores.
1721 2094 1772 2167 Ut
1794 2119 2027 2165 numerorum
2054 2097 2189 2189 notitia
2210 2111 2242 2168 et

184 2208 239 2284 tbi
254 2207 513 2298 inextricabiles
530 2203 838 2297 proponebantur,
862 2221 952 2292 quos
965 2221 1011 2266 ue
1025 2197 1187 2265 doctores
1237 2200 1372 2266 (ionum
1388 2193 1456 2265 Dei
1480 2197 1603 2285 ingens
1625 2210 1696 2280 est,
1720 2209 1756 2267 et
1777 2197 1881 2266 valde
1900 2197 2100 2267 necessaria
2127 2193 2244 2268 bomi-

186 2312 332 2406 quidem
347 2308 609 2396 intelligebant:
636 2327 675 2374 ac
688 2314 828 2374 tantum
846 2303 980 2381 aberat,
1006 2311 1046 2367 ut
1064 2297 1185 2365 invare
1237 2322 1324 2366 num
1338 2299 1448 2367 vitae:
1472 2297 1520 2367 ita
1536 2323 1654 2367 veram
1670 2298 1822 2368 docendi
1837 2313 1872 2369 et
1886 2299 2136 2369 ratiocinandi
2152 2300 2243 2370 mam

186 2415 364 2502 ingressos
387 2410 425 2476 in
448 2409 535 2477 alias
556 2419 647 2475 artes
668 2415 830 2494 possent,
861 2414 902 2470 nt
917 2399 1036 2489 potius
1054 2412 1087 2467 et
1104 2396 1185 2465 illa·
1237 2399 1388 2468 sciamus
1402 2397 1470 2467 Dei
1485 2400 1619 2468 donum
1638 2423 1723 2484 esse,
1750 2399 1838 2469 etin
1852 2402 2062 2491 exponenda
2076 2402 2245 2473 doctrina

187 2536 269 2584 rum
284 2509 502 2599 corruptelae
517 2519 643 2577 essent.
678 2500 901 2592 Egoveram,
928 2493 1184 2587 incorruptam,
1238 2501 1379 2570 coelesti
1404 2513 1438 2569 et
1462 2501 1694 2594 inquisitione
1717 2501 1874 2572 veritatis
1894 2500 1931 2568 in
1951 2501 2031 2570 aliis
2047 2503 2163 2571 rebus
2180 2529 2245 2573 nc-

190 2614 346 2684 nativam
367 2606 601 2689 Dialecticen,
627 2604 767 2696 qualem
790 2616 825 2672 et
846 2604 890 2672 ab
908 2594 1124 2681 Aristotele,
1151 2610 1188 2668 et
1238 2602 1433 2671 cessariam
1486 2599 1571 2671 ldeo
1587 2616 1622 2672 et
1635 2601 1785 2683 Paulus,
1811 2627 1891 2673 curn
1907 2601 2000 2672 iubet
2013 2603 2053 2671 in
2069 2605 2245 2675 docendo

191 2715 328 2806 aliquot
341 2711 415 2780 eins
431 2733 505 2778 non
524 2705 668 2776 insulsis
684 2704 955 2794 interpretibus,
980 2715 1019 2771 ut
1036 2701 1081 2770 ab
1099 2694 1188 2767 Ale·
1239 2718 1332 2773 recte
1356 2703 1481 2794 partiri
1497 2726 1695 2774 sermonem
1713 2704 1898 2774 coelestem
1914 2726 1975 2774 seu
1989 2699 2244 2797 ὄρθαιομεῖν,

189 2808 342 2887 xundro
362 2803 645 2907 Aphrodisiensi
658 2819 693 2875 et
707 2800 1060 2896 Boetioaccepimns,
1086 2825 1188 2892 prae-
1238 2820 1279 2875 ut
1308 2804 1382 2896 ipse
1407 2806 1594 2899 loquitur,
1618 2805 1773 2898 postulat
1801 2820 1895 2875 certe
1921 2800 2088 2875 adbiberi
2116 2832 2244 2878 cutam

191 2919 287 2988 dico.
338 2910 440 2984 Hanc
463 2911 600 2980 affirmo
619 2930 693 2979 non
710 2908 817 2977 modo
834 2907 873 2975 in
890 2907 969 2976 loro
987 2917 1021 2974 et
1037 2905 1075 2971 in
1091 2903 1189 2972 iudi·
1240 2907 1466 2976 discernendi
1484 2909 1643 2976 membra
1658 2908 1839 2978 doctrinae
1855 2907 2014 2992 diversa,
2040 2923 2082 2979 ut
2096 2905 2243 2999 Legem,

192 3018 274 3102 tiis,
306 3028 368 3086 aut
398 3015 436 3083 in
468 3005 713 3106 philosophia,
744 3009 805 3078 sed
835 3007 942 3076 etiam
970 3006 1009 3074 in
1031 3001 1188 3076 Ecclesia
1240 3003 1497 3097 Evangelium,
1527 3002 1816 3102 Philosophiam,
1848 3006 2039 3079 Politieam
2064 3011 2244 3099 gubensa-

190 3119 295 3189 valdc
308 3116 432 3187 utilem
448 3138 536 3188 esse.
568 3110 633 3195 Ac,
657 3123 698 3181 ut
715 3106 932 3179 de‘Eeclesia
946 3131 1042 3177 nunc
1060 3106 1189 3189 dicam,
1239 3109 1373 3178 tionem
1395 3125 1429 3180 et
1451 3111 1520 3179 alia
1539 3111 1661 3185 multa.
1713 3109 1824 3204 ldque
1841 3111 1990 3180 verbum
2009 3106 2242 3206 dpdorosssis

192 3243 249 3290 res
273 3217 429 3289 ostendit
445 3217 484 3285 in
498 3215 600 3284 libris
616 3212 791 3282 divinitus
805 3209 944 3283 traditis
958 3211 1003 3278 de
1019 3205 1118 3290 Deo,
1144 3209 1188 3275 de
1240 3211 1354 3281 aritu
1378 3212 1630 3281 sacrificiorum
1652 3226 1810 3283 sumtum
1832 3235 1905 3280 esse
1931 3229 2094 3303 apparet.
2163 3215 2242 3287 Non

192 3321 376 3390 voluntate
391 3317 479 3401 Dei,
504 3318 548 3385 de
572 3316 667 3404 lege,
692 3315 737 3382 de
759 3325 921 3403 peccato,
945 3313 989 3380 de
1005 3309 1188 3398 evangelio
1240 3312 1336 3381 enim
1357 3312 1486 3383 licebat
1506 3313 1728 3384 victimarum
1754 3312 1877 3383 earnes
1899 3338 2050 3406 quoquo
2065 3316 2178 3387 modo
2193 3317 2244 3386 ls-

192 3434 228 3490 et
250 3420 331 3489 aliis
351 3418 477 3486 vicinis
498 3417 585 3486 locis
611 3416 764 3507 proponi
785 3413 1038 3506 amplissimam
1052 3411 1188 3496 doctri·
1240 3415 1372 3499 cerari,
1396 3416 1456 3484 sed
1475 3427 1588 3484 certae
1605 3427 1721 3507 partes
1734 3411 1811 3485 Deo
1824 3419 2037 3485 cremandae
2056 3433 2181 3500 erant,
2206 3434 2244 3492 ut

96 3520 100 3533 '
191 3535 288 3594 nam.
327 3517 368 3587 ln
381 3513 448 3586 hac
463 3517 492 3585 si
510 3516 698 3608 quisdicet
710 3512 804 3585 nihil
819 3515 1072 3596 deliniendum,
1094 3508 1188 3580 uihil
1241 3517 1366 3607 adeps,
1391 3516 1527 3601 lumbi,
1552 3530 1586 3586 et
1602 3518 1730 3586 cauda:
1757 3530 1871 3585 certae
1886 3530 1988 3587 erant
2003 3520 2246 3609 sacerdotum,

192 3620 484 3709 distinguendum
500 3639 593 3701 esse,
615 3638 690 3684 non
705 3617 962 3687 ostendendum
976 3613 1190 3683 essediscri-
1241 3631 1281 3687 ut
1304 3631 1424 3707 pectus
1447 3631 1482 3687 et
1502 3612 1630 3690 haemi.
1680 3614 1769 3688 Erat
1783 3619 1890 3708 igitur
1906 3641 1964 3687 ars
1981 3621 2116 3710 partiri
2134 3646 2245 3692 mem-

192 3748 275 3793 men
301 3724 395 3790 inter
416 3713 573 3788 humana
595 3715 726 3786 iudicia
747 3731 784 3786 et
799 3716 988 3787 sententias
1003 3739 1044 3784 ex
1061 3739 1189 3785 arcano
1241 3719 1326 3800 bra,
1351 3719 1433 3810 qnia
1460 3719 1572 3788 voluit
1586 3717 1683 3788 Deus
1707 3714 1792 3790 haee
1809 3721 2071 3811 ipsaesercitia
2084 3747 2246 3796 commo-

192 3827 276 3893 sinu
298 3821 430 3892 aeterni
444 3819 560 3889 Patris
582 3818 737 3910 prolatas
758 3841 864 3909 supra
882 3831 917 3887 et
931 3830 1026 3885 extra
1042 3816 1190 3908 conspcss
1241 3818 1457 3890 nesactiones
1487 3842 1561 3889 esse
1588 3821 1633 3888 de
1657 3821 1764 3889 rebus
1789 3821 1995 3897 maioribus.
2056 3821 2188 3896 Pectus
2211 3839 2246 3897 et

151 3944 171 3978 ⁶
193 3942 291 3997 ctum
315 3920 491 3992 humanae
512 3919 660 4001 mentis,
685 3943 750 3987 nec
762 3918 857 3987 viam
872 3931 934 3988 aut
948 3918 1110 3986 ordinem
1125 3920 1190 3986 ad·
1243 3915 1386 3988 harmos
1406 3920 1648 3991 sacerdotibus
1670 3921 1853 4005 attribuit,
1878 3947 1951 3991 non
1966 3924 2088 3995 solum
2102 3927 2190 4020 qsaia
2205 3952 2246 3999 ea

192 4023 392 4096 bibendum
414 4047 488 4092 esse
508 4023 547 4089 in
569 4020 822 4112 explicatione,
846 4013 915 4088 boc
934 4042 1017 4089 vere
1036 4018 1122 4103 erit,
1149 4031 1191 4088 nt
1242 4021 1418 4106 membra,
1444 4046 1524 4092 cum
1546 4025 1627 4115 plus
1652 4025 1768 4093 carnis
1787 4019 1957 4108 habeant,
1982 4040 2019 4098 et
2034 4029 2151 4116 magis
2164 4023 2246 4100 tho-

192 4129 345 4206 dicitur‚
377 4138 452 4196 toto
475 4123 573 4192 coelo
597 4146 726 4194 errare.
784 4119 861 4191 lmo
883 4116 1077 4190 Dialectica
1100 4144 1191 4213 opus
1241 4145 1321 4192 rosa
1345 4138 1449 4207 sunt,
1481 4125 1563 4216 plus
1585 4127 1656 4214 cibi
1679 4127 1925 4217 suppeditant,
1951 4128 2013 4196 sed
2032 4129 2245 4225 etiamquia

195 4243 265 4314 est,
301 4252 375 4298 non
409 4226 524 4295 solum
552 4237 592 4295 ut
616 4213 778 4294 doctrina
803 4222 919 4292 lucem
947 4216 1091 4306 habeat,
1129 4223 1190 4291 scd
1242 4237 1364 4315 pectus
1379 4227 1550 4316 significat
1565 4227 1795 4316 sapientiam,
1824 4221 1939 4295 harmi
1957 4228 2117 4305 baiulos.
2169 4233 2246 4304 An-

194 4332 306 4401 etiarn
334 4341 373 4398 nt
401 4327 444 4397 sit
466 4324 678 4395 concordiae
704 4323 899 4396 vinculum.
957 4320 1005 4393 Ut
1026 4323 1121 4392 enim
1146 4323 1193 4392 sit
1243 4326 1405 4396 tecellere
1428 4340 1545 4397 autem
1566 4329 1761 4398 sacerdotes
1783 4330 1986 4398 eruditione
2007 4344 2047 4401 et
2070 4333 2246 4424 sapientia

192 4454 266 4502 una
287 4443 323 4498 et
343 4428 567 4498 consentiens
580 4450 649 4494 vox
664 4425 889 4508 docentium,
915 4446 1054 4492 necesse
1071 4436 1125 4494 est
1139 4438 1192 4494 te-
1242 4441 1402 4518 oportet,
1433 4442 1468 4498 et
1496 4427 1623 4515 ingens
1649 4453 1741 4498 onus
1764 4431 2031 4521 gubernationis
2055 4439 2245 4530 praecipue

194 4553 280 4600 uere
307 4531 489 4597 doctrinae
520 4550 693 4598 summam
722 4525 897 4597 inclusam
921 4525 1051 4592 artium
1074 4526 1193 4614 septis,
1243 4529 1426 4603 sustinere.
1478 4525 1599 4598 Gauda
1614 4527 1690 4600 Deo
1708 4532 1946 4617 cremabatur,
1970 4546 2011 4602 ut
2023 4534 2247 4626 significare.

192 4628 339 4723 proprio
364 4651 525 4697 sermone
550 4642 584 4698 et
603 4629 729 4697 ordine
751 4619 1052 4717 comprehensam.
1100 4623 1192 4697 Nam
1243 4644 1303 4702 tur
1324 4632 1368 4699 ad
1392 4625 1488 4699 hunc
1507 4630 1613 4699 bnem
1629 4657 1751 4703 omnes
1770 4635 1925 4705 actiones
1940 4635 2151 4709 referendas
2164 4665 2247 4726 esse,

192 4753 275 4802 cnm
298 4724 355 4797 bis
377 4729 553 4817 repagulis
569 4730 699 4799 artium
716 4728 867 4797 effractis
881 4726 1042 4798 doctrina
1056 4725 1193 4818 impro-
1243 4745 1283 4801 nt
1300 4730 1394 4800 Dens
1408 4731 1655 4807 celebraretur.
1694 4733 1764 4805 Sed
1782 4737 1906 4805 omitto
1919 4737 2124 4825 longiorem
2141 4764 2246 4813 enar·

191 4832 273 4924 prio
302 4852 483 4909 sennocae,
517 4831 593 4899 sine
622 4830 769 4915 ordine,
806 4828 883 4898 sine
913 4826 1195 4914 delinitionibus,
1244 4831 1416 4902 rationem
1435 4826 1540 4902 huius
1557 4833 1657 4908 ritus.
1704 4834 1801 4906 Haec
1814 4822 1909 4906 enim
1926 4852 2130 4912 eotantnm
2147 4869 2246 4914 com-

90 4938 113 4974 ·'
193 4934 271 5004 sine
287 4929 577 5000 distinctionibus
591 4932 779 5020 spargitur,
806 4929 1001 5001 discordias
1016 4932 1114 5022 sequi
1128 4956 1193 5000 ne-
1243 4932 1457 5018 memoravi,
1495 4948 1535 5003 ut
1563 4938 1608 5004 de
1629 4934 1781 5007 Paulino
1805 4939 1915 5008 verbo
1938 4935 2196 5034 ὄρθοτομεῖν,
2226 4969 2244 5016 a

194 5043 367 5113 cesseest,
391 5053 472 5098 cum
490 5030 619 5098 dictata
635 5033 695 5099 alii
711 5032 815 5102 aliter
829 5045 863 5101 et
875 5031 1050 5121 accipiant
1063 5045 1096 5101 et
1111 5036 1193 5103 red-
1242 5033 1422 5104 sacriliciis
1439 5051 1568 5118 sumto,
1594 5039 1752 5115 iuniores
1766 5041 2007 5116 admonerem.
2058 5043 2246 5119 litantem

141 5134 153 5155 ‘
194 5133 295 5204 daut.
352 5127 518 5202 Retinet-i
544 5152 626 5220 ergo
648 5131 864 5202 Dialecticen
888 5132 927 5201 in
949 5129 1105 5203 Ecclesia
1127 5159 1194 5204 ne-
1244 5131 1380 5206 hostiae
1394 5151 1489 5207 certo
1504 5140 1612 5208 modo
1627 5143 1795 5209 secandae
1808 5156 1928 5225 erant,
1954 5143 2005 5214 ita
2017 5161 2118 5218 certa
2134 5130 2244 5220 ratio-

131 5258 136 5265 ·
195 5254 290 5302 resse
325 5241 391 5298 est:
434 5234 496 5301 sed
532 5231 578 5300 sit
609 5232 768 5316 erudita,
809 5235 1027 5314 verecunda,
1063 5237 1193 5324 gravis,
1244 5261 1290 5308 ne
1312 5240 1509 5309 sententiae
1530 5241 1695 5311 coelestes
1717 5243 1984 5314 distribuendae
2005 5261 2114 5329 sunt,
2142 5251 2249 5320 cuius'

195 5329 501 5415 amansveritatis,
525 5332 660 5401 nonsit
677 5331 830 5420 garmla,
852 5357 926 5403 non
942 5335 1099 5420 nastris,
1118 5361 1193 5405 non
1244 5337 1296 5407 rei
1330 5339 1387 5407 via
1419 5365 1500 5410 cum
1526 5341 1566 5409 in
1591 5343 1665 5411 sola
1686 5339 1879 5414 Dialectica
1901 5348 2045 5437 pmprie
2072 5354 2246 5433 tradatur,

195 5428 462 5520 praestigiatrix.
488 5523 489 5526 Ἴ
514 5431 587 5504 Nec
602 5435 845 5540 deterreamur
858 5456 879 5501 a
892 5429 1104 5506 Dialecticae
1119 5451 1194 5509 stn—
1246 5436 1330 5510 haec
1359 5464 1415 5533 ars
1440 5455 1609 5534 tanquam
1630 5443 1743 5514 culter
1763 5440 1870 5516 buius
1891 5447 2099 5538 partitionis
2125 5452 2246 5526 existi-
